2954 4980
721 264 762 328 30

635 354 838 362 *ς’-*-

230 450 370 515 sanonda
386 468 451 514 rem
463 469 525 514 non
543 450 620 515 bene
643 454 707 532 egit
722 454 774 516 Fr.
789 451 964 529 Jacobsius
985 468 1054 514 curn
1071 450 1102 514 in
1120 456 1259 514 monstro

200 582 202 586 ·
228 553 280 617 illo
304 551 527 637 ededescrejotu
551 554 653 618 latere
675 560 803 636 putaret
819 552 864 615 ud
880 566 907 616 te
923 553 1051 636 sermio.
1090 554 1160 617 Non
1176 553 1257 617 enim

229 653 531 721 fabuluPolemonis
555 657 595 721 ed
612 657 755 722 Marcum
780 661 898 738 scripta
920 655 976 720 sed
998 656 1029 719 in
1053 660 1163 720 senatu
1179 656 1256 720 reoi-

229 761 296 821 tata
319 762 375 835 est,
422 754 516 833 Quod
538 758 682 824 Noberus
706 759 810 839 posuit
833 784 853 822 a
876 780 923 820 rue
946 758 1078 842 scrpta,
1102 757 1258 823 voeabula

230 881 251 921 o
271 851 320 929 mc
357 860 449 941 plane
479 859 636 942 superflua
669 867 743 926 sunt
775 866 807 926 et
829 880 848 926 a
871 862 984 927 codicis
1008 862 1163 942 scriptura
1194 861 1259 925 lon-

192 1016 195 1022 .
229 961 299 1042 gius
323 962 448 1028 absunt.
480 964 634 1045 Equidem
660 964 704 1029 ita
728 966 876 1030 emendo:
899 962 1027 1047 Ecquid
1051 1001 1087 1012 -
1112 976 1145 1026 cu
1169 961 1258 1027 dices

123 1094 145 1148 j·
228 1064 347 1146 Marce,
371 1065 631 1150 quemadmodum
655 1068 714 1129 ic'bc'
737 1066 925 1131 uidetur-
940 1066 1062 1152 fabula
1078 1065 1258 1129 Polemonis

220 1165 369 1251 'adaeque
398 1166 580 1253 desertiora?
609 1169 758 1234 Gaudent
781 1172 960 1235 et‘Marous
984 1175 1016 1236 et
1037 1170 1153 1234 Fronto
1176 1170 1258 1234 eius·

229 1271 313 1338 modi
336 1271 633 1353 interpositionibus,
661 1273 847 1354 quarum-‘ut
862 1284 958 1337 unurn
975 1273 1148 1354 exemplum
1165 1273 1258 1352 idque

228 1374 402 1454 proximum
425 1374 628 1440 adieram‘li.
654 1376 672 1437 2
697 1394 766 1455 pag.
786 1362 843 1455 m,
870 1377 909 1438 22
933 1376 1064 1457 legitur:
1103 1375 1162 1437 ille
1186 1375 1254 1436 alie

228 1474 367 1558 epistula
383 1489 454 1538 tua.
465 1524 471 1537 .
482 1489 573 1539 tauto
589 1478 661 1559 [mc]
676 1478 698 1559 ¹)
715 1477 875 1561 uoluptate
891 1476 1004 1561 affecit,
1029 1492 1065 1541 ut
1082 1490 1257 1561 temperare

227 1599 289 1639 uon
308 1580 464 1662 potuerim
486 1573 528 1626 -’
544 1594 572 1643 et
594 1579 712 1642 uideris
736 1593 768 1644 iu
792 1605 834 1644 ou
851 1594 963 1655 temere
970 1580 1109 1665 fecerim
1125 1618 1165 1629 -
1183 1583 1256 1666 quin

229 1703 297 1745 eam
323 1682 428 1767 ipsum
451 1685 545 1768 patri
564 1706 628 1746 meo
649 1684 844 1767 recitarem„
864 1685 1125 1766 Interrogativum
1148 1683 1258 1768 ecquid

229 1785 414 1867 compluries
451 1789 534 1869 apud
564 1788 753 1854 Frontonem
786 1794 849 1867 est3
885 1807 981 1853 unum
1017 1787 1118 1852 locum
1147 1787 1255 1852 adfero

227 1887 418 1953 simillimum
448 1891 488 1953 ad
512 1891 626 1956 Verum
651 1891 727 1971 lmp.
761 1891 801 1954 II.
829 1892 844 1952 l
869 1908 939 1970 pag.
966 1890 1035 1968 121,
1061 1891 1116 1955 17:
1146 1888 1258 1972 ecquid

169 2048 170 2051 ,
229 2002 333 2053 autem
354 1989 489 2074 pulchre
517 1991 686 2074 scripsisse
715 1990 864 2054 uidetur?
897 1992 936 2056 de
965 2010 1027 2073 quo
1056 1992 1122 2057 loco
1145 1997 1255 2073 postea
1326 2018 1329 2027 ’

229 2093 448 2172 disputabitur.
488 2094 534 2158 De
556 2092 712 2174 particula
735 2091 875 2176 adaeque
892 2093 974 2158 sutis
991 2095 1051 2158 erit
1065 2111 1265 2181 provocasse¹

228 2195 268 2258 od
300 2194 342 2256 M.
366 2193 547 2275 Hauptium'
569 2195 602 2258 in
630 2196 693 2283 imi.
725 2195 819 2259 schol.
845 2195 945 2259 Beroi.
971 2195 1052 2257 1867
1081 2195 1254 2277 (Emenda-

225 2295 333 2360 tiones
348 2296 591 2378 Frontonianae)
607 2315 678 2378 pag.
697 2297 736 2359 10
754 2302 785 2362 et
803 2298 852 2359 11.
877 2296 998 2378 Copula
1021 2308 1067 2358 cst
1083 2296 1253 2361 innumeris

227 2395 346 2462 locis'a
367 2398 526 2464 Frontone
548 2399 712 2464 omittitur.

261 2673 263 2678 =
334 2641 353 2705 ¹)
377 2641 528 2704 Prommen,
548 2657 597 2707 quo
616 2639 700 2708 dubito
725 2657 756 2690 un
782 2657 832 2689 non
856 2641 934 2692 careri
958 2641 1051 2705 possit,
1080 2642 1137 2707 ipse
1160 2640 1253 2690 addidi.

230 2726 302 2789 Quid'
316 2727 401 2778 enim?
420 2743 531 2794 quocum
550 2728 618 2794 prius
637 2744 710 2792 quum
729 2743 785 2777 curn
803 2733 875 2791 petre
894 2724 1028 2792 epistulam
1047 2725 1118 2775 illam
1140 2731 1252 2776 eominu-

228 2813 344 2876 uieoret,
364 2829 429 2878 qnae
441 2802 518 2864 ‘tenta
536 2831 593 2864 eum
611 2813 739 2879 ‚uoluptate
756 2813 900 2865 adfecerat?
935 2812 1015 2879 Atqui
1033 2811 1054 2862 si
1074 2813 1200 2874 obsolute,
1224 2821 1253 2864 ut

228 2897 325 2960 dieunt,
350 2899 454 2950 verbum
472 2898 564 2964 offecit,
585 2899 693 2966 positum
712 2907 787 2962 esset,
806 2907 941 2966 antequem
959 2898 1026 2965 putri
1043 2901 1170 2961 recitaret,
1190 2914 1249 2950 oum

227 2984 285 3036 aliie
304 2987 513 3039 communicatam
532 2986 651 3053 oportuit.

255 3855 357 3913 (uerique
370 3859 499 3912 propediem
513 3859 570 3910 sputi
584 3856 606 3901 S.
622 3858 719 3907 carvere
733 3858 823 3910 eiusque
837 3855 925 3899 Sosium
939 3857 1096 3900 Borollneusoo
1111 3857 1222 3910 edentur.)

663 3932 814 3941 —.—.-.-——

453 3971 522 4024 Typis
537 3972 735 4022 praeponamne.
750 3973 848 4014 Feiohtss
863 3971 1024 4013 Beroliueneis.
