2954 4980
629 279 668 344 13

226 468 291 534 Sub
320 468 414 534 finem
445 469 583 534 eiusdem
611 469 765 551 epistulae
796 470 881 550 apud
903 470 1062 536 Naberum
1085 471 1161 536 haec

139 574 285 655 leguntur
313 575 409 638 verba
435 572 649 638 vexatissima:
686 570 778 652 Vale,
806 571 886 634 milri
904 571 1022 636 Fronto
1053 574 1162 636 abeun-

140 674 277 739 diear'rae.
326 674 523 760 Quamquam
552 675 600 737 r'ta
622 696 669 736 rne
693 672 745 737 do
766 675 877 758 potius
901 673 1002 738 dicere
1024 689 1163 760 oportet5

138 802 213 841 aare
237 791 269 841 tu
292 777 419 863 qaedam
442 801 668 864 1111111111,ι
693 801 709 840 o
732 778 919 861 pecudique
942 777 1066 840 eate'e'di
1081 779 1162 854 beai,

139 881 243 945 valeat
265 904 319 944 oro
341 903 428 943 mens
451 881 568 944 Fronto
597 878 844 943 iucundessr'mue
868 893 961 964 atque
976 884 1164 962 ¹carissimae

138 985 227 1048 mili.
262 985 367 1050 Codex
390 984 637 1049 racundiear'rnae
661 991 692 1048 et
710 983 905 1069 dispositum
928 988 1023 1051 verba
1042 1009 1164 1072 semper

142 1111 229 1164 ares,
258 1108 319 1171 quo
342 1095 483 1171 tempore
506 1089 548 1153 du
570 1089 651 1154 Rieu
678 1095 710 1154 et
733 1089 931 1154 Studemund
953 1090 1090 1155 codicem
1118 1090 1165 1154 in-

140 1197 324 1275 spexerunt,
359 1197 569 1268 evanuerant,
600 1192 684 1273 apud
715 1192 833 1256 Maium
862 1192 1025 1274 leguntur,
1057 1209 1165 1272 quam-

140 1314 233 1375 quam
267 1297 298 1360 in
329 1296 396 1360 eius
426 1295 549 1361 schedis
577 1314 640 1360 non
674 1316 746 1357 avec
777 1296 833 1361 sed
863 1317 895 1358 es
928 1296 990 1378 legi
1019 1296 1165 1364 Naberus

140 1419 210 1480 pag.
228 1400 289 1463 295
314 1397 475 1472 adfirmat;
506 1399 537 1463 in
567 1399 840 1473 extremisoodex
870 1396 1076 1485 Qqaibr'qae,
1109 1402 1173 1467 sed'

142 1504 242 1583 prima
264 1503 372 1568 littera
395 1503 552 1585 ineerta.⁰)
588 1505 624 1568 In
647 1500 793 1568 universo
816 1504 884 1569 loco
900 1523 1010 1570 vereor
1033 1525 1072 1569 ne
1094 1506 1165 1588 plus

141 1623 235 1685 quam
260 1626 356 1672 unum
379 1608 526 1672 mendum
550 1607 688 1672 haereat.
724 1608 863 1672 Primum
880 1608 964 1672 baud
981 1613 1165 1674 cunctanter

142 1709 426 1791 interpungendum
449 1713 508 1776 erit
538 1710 615 1773 Vale
631 1710 716 1789 mibi,
744 1710 872 1774 Fronto.
885 1710 909 1792 ¹)
954 1711 1037 1775 Illud
1060 1717 1166 1777 autem
1236 1698 1241 1708 ’

143 1809 315 1896 dispositus
345 1812 421 1877 ferri
451 1813 576 1878 omnino
603 1832 666 1877 non
695 1831 788 1894 posse
818 1833 874 1895 per
904 1832 937 1878 se
965 1813 1164 1895 intellegitur.

67 1937 69 1941 ¹
145 1913 208 1979 Sed
235 1915 322 1978 locus
352 1916 421 1994 ipse
451 1916 497 1978 ita
526 1922 692 1995 corruptus
715 1916 841 1981 Nubere
873 1916 958 1979 visus
987 1920 1043 1995 est,
1074 1922 1110 1980 ut
1132 1935 1166 1982 se

144 2015 271 2096 quidem
301 2015 378 2080 illud
409 2038 483 2078 aare
515 2036 644 2098 prorsus
664 2018 847 2098 intellegere
876 2023 1008 2097 negaret
1038 2021 1070 2082 et
1093 2017 1166 2080 aber

143 2119 334 2183 substituere
357 2119 473 2185 mallet.
514 2121 583 2198 Qua
605 2139 640 2184 re
662 2119 748 2183 haud
770 2120 835 2184 scio
858 2139 898 2183 an
921 2124 990 2184 tota
1011 2120 1072 2185 loci
1095 2138 1164 2185 sen-

142 2221 241 2284 tentia
268 2226 438 2300 evertatur,
471 2241 552 2303 quae
581 2221 681 2301 qualis
712 2224 753 2286 sit
781 2224 924 2303 quamvis
954 2220 1165 2302 Heindorfius,

143 2324 192 2387 cui
214 2322 292 2387 illud
316 2321 367 2384 dale
384 2325 497 2407 potiar
521 2324 663 2402 debetur,
694 2324 773 2389 bene
795 2324 984 2389 intellexisse
1011 2325 1165 2404 videatur,

143 2431 271 2506 propter
283 2426 443 2492 Naberum
461 2428 601 2492 enarrari
618 2432 751 2508 oportet.
774 2428 878 2509 Atque
894 2429 1028 2508 primum
1041 2428 1166 2506 quidem

144 2527 269 2592 Marcus
293 2526 411 2592 Caesar
435 2529 537 2610 ipsum
561 2530 750 2594 Frontonem
773 2529 877 2594 valere
904 2531 1002 2609 iubet,
1032 2549 1104 2595 mox
1126 2529 1166 2593 ad

143 2630 218 2693 deos
246 2648 414 2694 conuersus
443 2637 478 2694 ut
506 2632 695 2697 Frontonem
723 2632 827 2697 valere
853 2631 983 2697 iubeant
1006 2639 1163 2714 precatur.

144 2733 231 2797 Inter
260 2737 426 2816 utramque
455 2740 561 2799 autem
590 2736 777 2800 sententiam
805 2735 909 2799 media
937 2753 974 2798 ea
996 2739 1054 2814 est,
1086 2753 1168 2816 quae
1223 2720 1225 2724 ⁸

143 2857 258 2902 avoce
282 2860 473 2921 quamquam
491 2840 614 2903 initium
636 2839 742 2920 habet,
766 2858 828 2921 qua
851 2858 927 2904 uoce
949 2837 1069 2919 aliquid
1092 2843 1168 2902 ante

144 2959 206 3005 non
227 2947 313 3006 recte
334 2940 452 3006 factum
480 2947 537 3006 aut
565 2943 682 3007 dictum
710 2962 778 3008 esse
802 2941 1007 3023 significatur.
1054 2934 1167 3021 Itaque

144 3044 286 3110 Marcum
310 3063 344 3108 se
365 3045 468 3126 ipsum
491 3046 670 3127 vituperare
686 3052 787 3126 patet,
811 3045 895 3125 quod
919 3045 959 3108 ad
975 3045 1167 3108 Frontonem

143 3165 177 3211 se
200 3147 397 3227 converterit,
420 3146 460 3212 ad
485 3148 560 3212 deos
583 3149 664 3212 enim
686 3147 757 3213 fieri
776 3149 961 3230 oportuisse.
1001 3143 1172 3229 Hominem

142 3249 230 3314 vides
263 3250 295 3314 in
324 3249 487 3315 rhetorum
521 3250 635 3316 scholis
671 3252 851 3326 exercitum,
886 3251 940 3330 qui
973 3266 1054 3330 quae
1087 3247 1169 3312 male

144 3353 328 3417 instituerat
350 3354 413 3416 iam
436 3354 581 3434 corrigat.
626 3354 704 3419 Cum
728 3355 787 3419 hac
810 3355 968 3419 sententia
990 3355 1167 3434 congruunt

146 3475 194 3534 ea,
222 3472 304 3534 quae
327 3456 451 3521 Nabero
483 3457 617 3522 obseura
644 3463 718 3521 sunt
740 3458 815 3522 visu.
862 3456 931 3520 Non
955 3461 987 3521 te
1009 3455 1168 3537 appellare

148 3558 308 3640 debebam,
333 3559 386 3640 ait,
410 3564 446 3623 ut
461 3559 591 3639 valeres,
614 3579 686 3624 num
703 3564 737 3623 tu
754 3560 878 3641 quidem
895 3577 1018 3638 semper
1034 3557 1165 3640 (valere)

144 3681 234 3741 aves;
263 3663 434 3727 malorem
457 3663 606 3742 disposui,
636 3663 747 3728 melius
779 3663 1008 3745 disponendum
1033 3662 1102 3742 erit,
1132 3668 1168 3726 ut

213 3900 235 3962 θ)
256 3895 350 3962 [Immo
369 3896 517 3962 ouulsslu‘
540 3897 593 3948 uod.
613 3893 726 3964 STUD.]

215 3989 233 4052 ¹)
252 3984 282 4036 cf.
302 4001 420 4036 excursus
439 3983 459 4035 Ι.
