2954 4980
716 277 756 344 29

221 489 274 535 cos
302 471 327 534 Ι.
358 470 396 534 15
430 439 500 551 pag.
533 468 626 552 184);’
663 474 699 534 ut
729 470 836 550 paucis
871 468 1024 549 defungar
1057 469 1076 554 ἢ
1103 464 1160 550 μὲν
1188 468 1249 527 τῶν

221 571 369 659 ῥητόρων
400 575 540 645 παιδεία,
578 576 645 654 ipse
679 575 724 638 ait
752 573 804 656 (ad
833 572 958 638 Amicos
981 572 1006 635 I.
1032 571 1051 633 2
1079 589 1150 652 pag.
1175 566 1248 647 174)

223 675 311 738 δοκεῖ
328 700 382 760 μοι
406 675 587 763 ἀνθρωπίνη
612 699 656 745 τις
679 674 805 762 εἶναι,ῆ
833 675 869 737 δὲ
891 680 953 737 τῶν
976 673 1158 759 φιλοσόφων
1181 668 1252 732 θεία

224 801 269 846 τις
286 775 379 853 ἔστω,
396 780 426 843 in
443 781 556 860 quibus
573 779 675 843 verbis
691 778 893 857 premendum
909 783 957 842 est
979 775 1057 840 illud
1073 773 1166 849 ἔστω,
1188 792 1250 855 quo

222 899 256 944 se
275 900 337 944 non
360 881 557 947 intercedere
573 879 728 958 adfirmat,
746 882 913 960 quominus
934 879 1139 961 Apollonidae
1153 877 1251 957 pbilo-

223 982 332 1064 sophia
351 984 490 1048 divinum
508 983 633 1064 aliquod
650 983 808 1056 videatur;
832 983 892 1046 sibi
909 983 1034 1061 quidem
1049 979 1250 1071 philosophos

222 1083 326 1150 fatuos
352 1087 457 1166 potius
480 1090 512 1150 et
535 1086 644 1149 inanes
666 1091 836 1166 nugatores
860 1085 969 1149 videri.
1008 1084 1096 1162 Quae
1114 1100 1189 1173 'cum
1205 1081 1251 1145 ita

223 1191 294 1268 sint,
316 1189 514 1254 Polemonem
537 1188 755 1268 philosophum
777 1206 839 1251 non
862 1186 1060 1251 mediocriter
1083 1186 1192 1250 risisse
1208 1184 1252 1248 vi-

225 1293 328 1371 detur,
359 1298 469 1371 utpote
491 1291 595 1356 divina
617 1291 830 1371 adpetentem,
865 1291 1044 1371 praesentia
1066 1291 1148 1354 vitae
1171 1290 1253 1355 bona

224 1400 491 1474 contemnentem,
523 1414 618 1460 vanas
640 1396 791 1476 imagines
814 1401 996 1460 sectantem.
1043 1392 1122 1458 Cum
1146 1399 1252 1458 autem

226 1498 354 1579 plurimi
386 1497 563 1579 philosophi
592 1496 722 1562 Athenis
745 1503 801 1562 aut
823 1497 993 1562 existerent
1014 1502 1070 1561 aut
1091 1515 1253 1561 versaren-

224 1604 286 1678 tur,
310 1600 439 1664 atticum
455 1601 541 1665 illum
559 1601 701 1664 morbum
717 1600 865 1681 appellat.
904 1601 947 1663 At
956 1601 1150 1682 perattieem
1167 1599 1251 1664 dicit.

224 1701 394 1765 Terrarum
418 1702 542 1784 quidem
566 1702 692 1767 nomina
714 1695 784 1766 curn
809 1702 920 1766 vocula
941 1723 1001 1783 per
1025 1703 1167 1784 componi
1190 1719 1253 1766 non

224 1805 327 1868 solere
341 1823 402 1868 non
417 1804 544 1885 ignor03
568 1804 624 1868 scd
640 1804 831 1868 Frontonem
846 1804 1008 1868 insolitum
1026 1809 1057 1868 et
1079 1805 1252 1869 inusitatis·

224 1906 335 1970 simum
354 1906 500 1987 quodque
519 1908 607 1986 sequi
624 1906 697 1986 scio,
714 1924 816 1988 neque
839 1908 973 1988 patriam
996 1906 1253 1987 philosophorum

225 2006 310 2085 dicit,
331 2007 385 2071 sed
407 2026 515 2088 genus.
553 2008 671 2084 Quodsi
687 2026 760 2071 vero
776 2007 964 2073 vocabulum
975 2009 1169 2092 perordinem
1190 2025 1254 2072 non

225 2107 388 2173 ferendum
411 2109 589 2189 putaveris,
623 2118 768 2190 superest
800 2114 835 2174 ut
858 2128 929 2174 eum
952 2109 988 2174 Ε.
1013 2110 1052 2174 de
1074 2109 1253 2189 Leutschio,

225 2217 429 2291 praeceptore
451 2229 572 2275 summe
589 2210 727 2290 colendo,
751 2212 897 2276 emendes
917 2211 1155 2296 hyperatticum.
1191 2212 1253 2277 Sed

223 2331 319 2392 pergo
348 2310 381 2376 in
409 2313 568 2377 Frontone
601 2313 801 2377 recensendo.
849 2312 1005 2377 Secuntur
1034 2313 1111 2379 baec
1142 2315 1252 2380 verba:

223 2413 276 2476 Art
299 2412 402 2498 quid?
431 2427 463 2478 tu
488 2412 593 2494 dicas,
623 2414 742 2494 Marce,
771 2413 1032 2499 quemadmodum
1055 2416 1111 2478 titt
1131 2415 1255 2479 uidetur

215 2515 338 2602 fabulo
353 2516 535 2580 Polemonia
552 2516 733 2602 descripto?
754 2519 834 2583 Dedi
847 2519 948 2584 locum
965 2538 1034 2584 cum
1050 2521 1143 2600 Mai0,
1161 2537 1253 2599 quem

224 2618 371 2685 Naberus
414 2625 542 2686 secutus
578 2626 635 2684 est.
687 2620 793 2685 Codex
830 2619 1064 2707 udedeeerqota.
1115 2623 1254 2688 Primum

223 2722 437 2802 interpunctio
461 2722 588 2787 Maiana
611 2724 767 2804 quomodo
792 2742 825 2789 se
848 2728 976 2789 tueatur
998 2725 1112 2791 nescio.
1159 2726 1254 2790 Nam.

222 2842 283 2903 que
307 2846 349 2886 aa
371 2823 470 2908 quid?
500 2826 631 2890 alteram
655 2826 933 2907 interrogationem
956 2827 1015 2894 hoc
1037 2827 1253 2910 quidem-loco

222 2926 368 3008 proponi,
406 2925 538 2991 alteram
574 2946 611 2992 ex
647 2928 908 3008 praecedentibus
944 2930 1150 3012 supplendam
1186 2947 1254 2996 esse
1318 2936 1321 2943 '

225 3029 329 3092 docet:
368 3035 473 3093 utrum
503 3029 617 3108 opinio,
650 3048 713 3109 qua
741 3031 916 3095 Polemonis
946 3031 1053 3096 fabula
1080 3033 1255 3098 enarranda

222 3128 446 3211 philosophum
477 3129 707 3211 hyperatticum
738 3130 916 3197 exhibuisse
939 3133 1015 3196 mihi
1038 3133 1162 3215 videor,
1192 3152 1255 3199 non

222 3229 334 3296 fefellit
364 3251 413 3295 me
441 3251 481 3296 an
511 3231 643 3297 fefellit?
692 3234 797 3315 Atqui,
830 3241 867 3299 ut
889 3236 976 3301 locus
999 3237 1118 3305 aMeio
1141 3238 1255 3303 consti-

224 3341 313 3402 tutus
337 3341 394 3413 est,
429 3353 500 3413 uon,
524 3342 560 3398 ut
583 3337 757 3416 oportebat,
788 3339 978 3401 contrarium
1002 3341 1164 3420 quaeritur
1187 3341 1254 3404 eius

218 3437 280 3517 rei,
304 3456 398 3519 quarn
413 3438 530 3502 Fronto
547 3437 781 3505 adfirmaverat:
805 3442 977 3522 quaeritur,
992 3443 1254 3523 quemadmodum

223 3539 330 3604 Marco
354 3532 461 3605 fabula
476 3529 529 3604 illa
546 3542 702 3626 descripta
719 3545 873 3609 videatur.
911 3546 1009 3610 Recto
1026 3546 1124 3627 igitur
1138 3547 1253 3613 iudicio

222 3643 432 3707 Buttmannus
462 3648 498 3707 ut
526 3665 563 3705 ea
586 3644 666 3728 quid
686 3645 821 3727 iudicas,
852 3649 962 3711 Marce
984 3650 1175 3714 scriberetur
1197 3669 1255 3716 au·

220 3751 288 3810 ctor
310 3744 379 3809 fuit.
417 3747 612 3828 Quamquam
639 3771 676 3812 ee
690 3751 903 3817 Frontoniana
925 3771 984 3817 uox
1007 3757 1141 3835 nonest,
1165 3759 1255 3821 utne

221 3846 383 3913 Heindorfi
418 3851 544 3929 quidem
582 3855 761 3919 coniectura
791 3854 835 3919 ad.
853 3855 895 3920 ΙΙ.
919 3856 938 3920 5
960 3875 1032 3938 pag.
1056 3856 1106 3934 30,
1131 3863 1148 3922 7
1171 3857 1256 3924 tacta

220 3955 348 4036 probari
377 3957 485 4036 possit.
531 3956 605 4022 'Sed
634 3965 735 4023 restat
762 3959 887 4040 gravior
915 3961 1108 4043 corruptela,
1137 3962 1169 4026 in
1192 3981 1255 4044 qua
