2954 4980
646 268 664 328 7

558 354 761 364 ——-—-

148 454 288 519 stituerit
311 459 352 532 et,
375 454 408 518 id
431 453 515 536 quod
533 455 669 534 Angelus
688 454 791 519 Maius
813 453 879 519 lere
900 455 1166 536 praetermiserat,

147 555 334 637 marginales
363 560 455 621 notas
484 557 524 622 ab
554 557 653 622 altero
680 556 818 637 librario,
854 557 908 638 qui
930 558 1013 622 hunc
1036 557 1173 624 codicem

148 658 338 734 emendavit,
383 658 562 740 adscriptas
597 658 763 742 diligenter
800 658 1015 742 exscripserit3
1055 657 1172 726 librum
1267 712 1268 715 ¹
1312 671 1314 673 ’

148 760 342 835 Vaticanum,
370 777 463 841 quem
495 759 621 843 quidem
644 779 664 824 a
686 761 771 825 Maio
794 761 973 845 religiosius
995 761 1172 844 inspectum
1261 828 1265 835 ,

148 868 180 928 11
198 863 388 946 descriptum
404 882 473 929 esse
488 863 633 930 Naberus
650 862 806 943 adfirmat,
827 882 890 928 non
908 868 1011 929 totum
1027 864 1179 943 contulit,⁴

147 970 184 1030 ut
201 964 274 1029 'iam
302 985 365 1031 non
394 973 468 1032 raro
505 967 545 1032 ad
574 964 667 1031 tidem
696 963 810 1049 Angeli
839 966 908 1046 Mai
937 984 1068 1047 eamque
1089 994 1092 1003 ·
1099 970 1173 1048 post

88 1104 92 1110 ·
148 1068 285 1134 codicem
308 1068 424 1134 iterum
451 1069 608 1134 conlatum
633 1055 710 1134 satis
733 1067 867 1134 dubiam·
881 1074 914 1134 et
936 1072 1112 1149 suspectam
1127 1069 1173 1133 in*

148 1170 368 1252 dignabundns
385 1188 462 1237 sane
476 1168 626 1237 reiciaris.
661 1170 831 1235 Praeterea
855 1188 893 1235 ea
916 1169 994 1235 eius
1008 1187 1102 1251 saepe
1124 1175 1174 1235 est

146 1272 178 1336 in
201 1273 320 1338 lacunis
350 1272 528 1338 indicandis
551 1273 678 1353 levitas,
707 1278 744 1338 ut
766 1275 883 1353 quote
906 1276 1010 1337 vertas
1037 1270 1171 1352 ignores.

146 1374 249 1454 Velut,
266 1379 301 1439 ut
316 1392 378 1439 uno
395 1363 535 1457 exemplo
550 1374 714 1457 defungar,
731 1375 806 1458 quid
821 1375 853 1439 id
870 1380 927 1449 est,
943 1376 1028 1458 quod
1043 1395 1115 1458 pag.
1128 1373 1171 1438 44

145 1478 248 1541 11114
270 1477 455 1543 adnotatur:
483 1479 617 1560 »supple
632 1496 730 1542 unum
744 1477 918 1543 verbumst
940 1479 983 1542 At
997 1478 1173 1559 quantum?
1198 1491 1199 1494 ’

146 1580 287 1644 Duarum
303 1579 482 1644 litterarum
496 1598 537 1644 an
555 1580 742 1647 duodecim?
766 1579 829 1645 Sed
844 1580 922 1646 haec
937 1580 1064 1662 quidem
1080 1580 1173 1645 alteri

146 1681 262 1747 editori
297 1681 462 1747 debentur.
508 1680 653 1748 Naberus
686 1686 799 1762 autem,
836 1687 1057 1763 praeterquam
1088 1681 1172 1763 quod

33 1774 40 1786 ’
146 1782 318 1866 compluria
345 1803 425 1867 quae
457 1789 530 1866 post
560 1784 678 1849 Maium
708 1783 846 1848 virorum
874 1783 1037 1849 doctorum
1066 1783 1171 1847 studia
1236 1841 1244 1856 ,

146 1888 186 1952 ad
201 1886 391 1952 Frontonem
407 1886 643 1952 emendandum
662 1885 861 1951 contulerant
883 1890 939 1950 out
960 1885 1172 1968 praetermisit

56 2009 63 2035 ¹
142 1993 203 2053 aut
223 2007 284 2053 non
303 2007 340 2054 ea
359 2006 426 2068 qua
441 2006 500 2068 par
514 1991 584 2053 erat
600 1986 761 2069 diligentia
775 1989 907 2062 rettulit,
931 1993 979 2054 est
993 1989 1169 2054 ubisecum

144 2091 212 2172 ipse
234 2090 364 2172 pugnet.
406 2090 502 2156 Velut
525 2109 597 2154 oum
619 2109 690 2172 pag.
710 2092 747 2153 11
772 2095 837 2156 not.
856 2091 896 2154 14
918 2091 951 2155 in
975 2090 1081 2156 codice
1103 2109 1172 2172 per·

145 2196 243 2273 petuo
261 2214 383 2277 prorue
411 2184 473 2274 legi
502 2193 694 2265 adnotasset
723 2197 809 2258 recte
838 2193 964 2274 quidem
987 2193 1096 2258 eadem
1119 2211 1173 2257 vo·

92 2310 95 2316 ’
126 2295 251 2360 ···cabuli
274 2294 378 2359 forma
402 2295 519 2376 legitur
540 2313 610 2377 pag.
628 2293 678 2374 38,
695 2295 729 2376 9,
751 2294 807 2360 ubi
821 2295 925 2360 nescio
944 2295 1100 2374 quomodo
1123 2296 1172 2360 sui

146 2397 262 2462 oblitus
293 2393 400 2462 sicin
430 2396 536 2462 codice
564 2401 730 2462 exaratum
761 2414 830 2462 esse
857 2397 973 2462 iterum
998 2397 1170 2476 adnotavit,

61 2500 62 2504 ’
142 2499 261 2577 65,7;-
281 2499 405 2578 13,19;
434 2500 485 2578 76,
503 2499 558 2575 10;
588 2498 659 2577 115,
685 2500 718 2579 1;
752 2499 827 2576 178,
851 2499 887 2577 4;
918 2499 991 2577 219,
1014 2498 1173 2578 3,»111111

146 2605 251 2666 tamen
273 2601 293 2664 1.
317 2620 346 2666 1.
365 2600 633 2684 proieceratque
655 2605 704 2665 est
725 2617 798 2681 pag.
816 2601 845 2679 7,
870 2600 910 2663 10
919 2619 929 2678 ;Ὶ
950 2601 1022 2680 101,
1040 2601 1076 2680 43
1100 2601 1171 2675 106,

146 2704 202 2778 223
226 2703 297 2781 178,
323 2704 372 2766 19.
417 2701 522 2784 Atque
550 2720 588 2766 ea
614 2703 682 2783 ipsa
704 2718 818 2767 caussa
840 2705 904 2778 est,=
930 2720 986 2766 cur
1011 2701 1171 2767 Nabernm

145 2824 186 2870 ne
207 2823 278 2886 pag.
294 2805 347 2884 49,
364 2805 403 2868 15
427 2804 562 2884 quidem,
586 2804 812 2888 1111111111
834 2804 1094 2886 1111116122,
1117 2805 1172 2871 ubi

138 2928 275 2991 prosam
298 2906 465 2980 invenitur,
488 2906 552 2972 sibi
577 2906 963 2988 constitisseputaverim.
1008 2904 1172 2971 Accedunt

147 3009 227 3074 aliae
249 3007 413 3088 quaedam·
433 3025 535 3087 neque
556 3009 689 3073 leviores
711 3025 782 3087 111,
806 3008 920 3086 quibus
943 3007 1024 3071 male
1044 3011 1168 3072 constat

146 3126 209 3190 qua
237 3109 382 3175 Naberus
411 3110 513 3174 utitur
542 3109 634 3174 ratio.
685 3109 747 3174 Sed
777 3109 816 3174 de
845 3108 893 3172 his
932 3108 1059 3190 quidem
1088 3105 1169 3173 inira

146 3216 269 3293 agetur.
306 3211 379 3286 Sed,
401 3217 474 3277 utut
488 3229 539 3277 ros
557 3217 614 3290 est,
629 3210 762 3275 multum
777 3209 921 3292 profecto
935 3210 1056 3275 Fronto
1071 3209 1171 3275 doctis

144 3314 322 3380 hominibus
335 3314 578 3389 Batavisdebe't,
594 3320 711 3387 tamen,
726 3318 763 3378 ut
777 3308 846 3378 fieri
861 3312 950 3390 solet,
965 3313 1011 3376 ita
1024 3312 1168 3390 multum,

145 3423 182 3482 ut
203 3422 374 3499 utrumque
397 3415 533 3490 codicem
555 3417 742 3509 rescriptum
764 3414 888 3480 iteratis
909 3414 992 3482 curis
1012 3413 1168 3479 excutien-

148 3519 222 3584 dum
245 3536 314 3586 esse
337 3519 413 3595 satis
434 3538 592 3611 superque
614 3519 688 3584 inde
707 3515 898 3599 adparuerit.
932 3516 976 3581 At
991 3516 1082 3595 adsit,
1105 3515 1169 3598 qui,

146 3621 276 3702 siquis,
299 3620 372 3688 huic
399 3616 556 3687 desiderio
576 3619 762 3687 satisfacere
787 3618 901 3703 possit3
932 3617 1066 3684 contulit
1087 3617 1170 3683 enim

41 3763 44 3766 <
146 3723 261 3789 codicis
284 3723 488 3788 Ambrosiani
509 3727 631 3805 partem
650 3741 713 3789 non
735 3720 802 3788 sine
824 3719 932 3786 fructu
954 3717 1038 3784 Guil.
1058 3717 1170 3784 Stude

147 3825 253 3906 mund,
276 3825 368 3891 homo
392 3826 424 3889 in
447 3826 507 3900 hoc
529 3826 707 3891 litterarum
734 3842 850 3908 genere
880 3822 1031 3890 acerrimo
1057 3821 1192 3902 cuiqne“

146 3926 352 3994 existimaturi
376 3928 635 4010 probatissimus,
659 3927 852 4008 expetendus
874 3925 941 4005 ille,
968 3928 1005 3989 ut
1025 3924 1169 3990 omnibus
