2924 4956
716 254 915 349 Δ...

307 445 340 505 et
356 439 510 505 Machlius
534 441 687 519 omnibns,
712 445 796 506 recte
820 446 852 507 et
871 441 1119 523 ingeniosissime
1134 441 1326 510 Niebubrius

306 541 506 628 compedibus
525 545 732 609 coniecerunt.
768 544 947 609 simillimus
967 546 1053 610 locus
1075 552 1123 611 est
1143 547 1175 611 in
1191 548 1326 628 epistula

305 645 471 710 Frontonis
495 646 573 710 11.7
596 664 666 728 pag.
692 645 748 710 32:
772 668 826 731 epo
849 647 970 710 Romae
992 645 1103 710 haereo
1127 649 1327 736 compedibus

306 749 411 812 aurcis
433 748 562 828 vinctor,
585 768 676 831 quem
701 749 801 814 locum
819 767 838 813 a
853 750 992 815 lacobsio
1016 757 1200 833 occupatum
1224 755 1323 819 video.

304 851 379 916 Illae
402 851 527 933 quidem
553 850 719 933 compedes
742 870 823 933 quae
845 850 976 930 fuerint,
999 871 1036 917 ex
1064 854 1327 938 subsequentibus

304 957 381 1023 satis
397 957 545 1038 adparet:
563 978 616 1042 epo
628 978 709 1036 curo,
727 957 837 1038 pergit,
855 956 1043 1041 coepissem
1059 957 1192 1022 claudus
1208 962 1326 1045 quond)

305 1059 403 1144 c'atub)
427 1082 497 1123 mea
514 1057 711 1138 uerecundia,
736 1059 830 1122 ammo
845 1059 996 1143 pc‘prc'tc’u.
1026 1061 1121 1126 Vides
1138 1063 1276 1129 Marcum
1295 1084 1328 1131 se

304 1163 403 1244 magis
429 1163 612 1244 impeditum
642 1163 744 1228 dicere
768 1180 860 1242 quam
877 1163 1072 1228 Frontonem
1090 1163 1230 1250 podagra
1243 1167 1328 1232 labo-

305 1269 428 1330 rantem
448 1284 519 1330 cum
534 1267 721 1332 verecundia
735 1266 799 1346 illa,
815 1285 877 1348 qua
892 1285 960 1332 sese
971 1265 1092 1343 legibus
1105 1270 1137 1333 et
1148 1268 1328 1351 disciplinae

304 1368 424 1433 aulicae
449 1368 633 1435 subtrahere
656 1375 811 1434 vereatur.
836 1370 954 1435 Eadem
972 1376 1020 1435 est
1034 1371 1108 1436 Veri
1124 1369 1326 1451 Imperatoris

304 1471 460 1536 sententia
482 1472 522 1535 ad
545 1472 617 1536 Ver.
646 1472 722 1553 Imp.
746 1473 770 1537 Ι.
795 1473 825 1550 3,
848 1491 918 1554 pag.
938 1473 1007 1555 116,
1034 1472 1088 1536 15:
1117 1474 1201 1552 quid,
1229 1475 1255 1539 si
1279 1494 1329 1541 me

303 1573 396 1639 bodie
424 1573 549 1637 domum
578 1591 733 1652 arcessas
766 1592 867 1661 nonne
895 1574 1038 1639 omnibus
1068 1575 1191 1639 omissis
1217 1577 1328 1643 lubens

305 1677 451 1741 curram?
473 1677 525 1757 qui
542 1676 668 1755 quidem
685 1677 857 1756 aegerrime
872 1675 1006 1754 tulerim,
1031 1677 1114 1756 quod
1134 1697 1195 1742 non
1212 1680 1329 1745 cotidie

304 1779 343 1844 ad
367 1785 398 1844 te
422 1796 607 1844 commeem:
637 1780 711 1859 quin
734 1779 952 1860 gravissimum
975 1779 1121 1845 stationis
1146 1785 1273 1847 nostrae
1295 1781 1327 1846 id

210 1944 212 1948 ,
303 1900 372 1948 esse
404 1879 548 1961 arbitrer,
580 1881 663 1966 quod
691 1883 835 1946 veniendi
864 1882 903 1945 ad
935 1887 967 1945 te
996 1882 1137 1946 adeo..
1178 1883 1259 1963 Mox,
1288 1902 1327 1948 ne

303 1986 504 2063 Frontonem,
537 1985 590 2066 qui
618 1985 695 2068 talia
723 1984 832 2049 audire
860 1984 946 2059 nolit,
974 1983 1081 2048 laedat
1103 1984 1238 2064 Marcus,
1269 1987 1328 2051 sibi

303 2089 363 2168 ipsi
386 2106 510 2153 omnem
527 2088 651 2167 culpam
665 2088 824 2168 imputans
840 2087 928 2151 addit
942 2085 1197 2172 immopipru‘tr’c.
1237 2088 1326 2166 Quod

305 2191 420 2253 concito
443 2190 565 2269 scripsi,
590 2209 661 2254 cum
675 2189 800 2254 Nabero
822 2188 919 2271 ieoi‚²)
943 2187 1078 2255 confisus
1103 2189 1157 2269 eis,
1182 2208 1263 2271 quae
1285 2191 1328 2255 du

305 2294 385 2357 Rieu
407 2293 438 2356 in
463 2292 569 2357 codice
587 2310 622 2357 se
644 2293 817 2374 disperisse
839 2293 965 2358 fatetur.

391 2396 478 2474 Quae
506 2396 638 2462 subinde
668 2403 817 2462 secuntur
842 2396 927 2460 haud
952 2396 1016 2460 scio
1046 2414 1088 2460 au
1115 2397 1206 2461 aliter
1234 2400 1329 2477 atque

306 2499 407 2565 adhuc
430 2497 546 2562 factum
563 2503 611 2564 est
628 2499 843 2581 dispungenda
859 2499 935 2563 sint:
959 2520 1040 2561 ome
1058 2535 1095 2546 -
1111 2495 1191 2582 quid
1207 2495 1329 2560 dicam?

304 2614 406 2665 metuo
435 2601 602 2685 quicquum
631 2601 740 2682 dicere,
770 2600 855 2686 quod
882 2611 915 2664 tu
944 2601 1056 2665 audire
1082 2603 1170 2666 nolio.
1216 2600 1328 2668 Stilum

306 2827 404 2894 possis,
426 2836 531 2894 apparet
553 2823 709 2878 DOMIBUS
727 2823 862 2876 lectionem
881 2826 977 2890 primae
997 2823 1085 2872 manui
1104 2822 1204 2883 deberi;
1228 2839 1260 2874 ex
1278 2839 1329 2889 qua

306 2920 468 2965 correctorem
497 2912 673 2981 superscriptis
699 2911 734 2962 NI
759 2910 847 2962 litteris
873 2908 1028 2962 OMNIBUS
1055 2908 1189 2960 lectionem
1215 2909 1327 2960 effecisse

305 2999 384 3065 (conl.
402 2998 523 3050 omuibus
540 2998 638 3049 omissio
657 2996 781 3065 116,16),
801 3014 876 3064 quam
895 3003 920 3047 et
936 2997 1016 3062 ipsam
1035 2997 1179 3046 coniectura
1194 2995 1328 3046 adsecutus

305 3093 344 3137 eat
357 3085 493 3136 Iacobaius.
513 3084 632 3136 Ceterum
646 3080 940 3150 cousdcomclsop,
953 3081 1021 3148 quod
1034 3080 1118 3131 Nabar
1131 3080 1218 3140 voluit,
1232 3079 1257 3130 iu
1270 3080 1328 3132 cod.

305 3188 356 3221 non
374 3171 485 3223 extitisse
503 3170 613 3236 spatium
633 3170 715 3229 docet,
735 3169 803 3235 quod
821 3169 854 3218 ad
873 3167 1027 3233 explendum
1046 3183 1068 3217 e.
1086 3183 1112 3232 g.
1131 3164 1328 3216 concisam)

305 3254 361 3322 (vel
380 3255 458 3315 odeo,
482 3255 529 3306 etsi
547 3257 632 3305 minus
651 3250 730 3314 bene,
758 3252 952 3318 CONTINUO)
976 3253 1050 3304 lectio
1069 3253 1193 3311 sufficiat,
1216 3251 1328 3317 quamvis

305 3340 400 3392 concito
422 3358 499 3391 cursu
524 3342 589 3401 156,
612 3344 629 3396 4
652 3340 762 3408 legatum
789 3355 839 3390 neo
861 3347 946 3390 temen
972 3338 1096 3404 intellego
1121 3337 1181 3403 quid
1206 3343 1329 3388 corrector

305 3426 474 3492 superscripta
492 3426 520 3477 M
541 3427 624 3477 littera
641 3426 768 3484 voluerit,
798 3442 873 3492 quam
892 3422 988 3475 AGNO
1011 3422 1103 3474 litteris
1120 3429 1256 3494 'exceptam
1279 3439 1329 3473 non

305 3512 383 3563 fuisse
401 3528 490 3563 moneo
508 3519 611 3579 propter
632 3529 670 3572 ea,
689 3527 755 3578 quae
772 3510 890 3585 Nabaros
912 3509 1025 3561 coniecit.
1045 3504 1277 3573 STUDEMUNDl.

304 3625 306 3629 ¹
376 3597 396 3663 ¹)
415 3598 451 3648 ita
468 3599 543 3648 etiam
560 3614 636 3663 pugg.
656 3599 698 3658 58,
717 3597 764 3656 23;
792 3597 848 3658 122,
867 3596 900 3664 33
928 3594 1050 3655 136,1o;
1076 3593 1134 3652 180,
1154 3595 1169 3646 9
1193 3593 1219 3642 in
1241 3591 1329 3643 codice

305 3691 420 3734 exuratur
438 3700 482 3749 pro
501 3699 568 3735 cum.

374 3767 400 3833 b)
420 3769 493 3835 [Cod.
511 3766 605 3818 lema
623 3783 692 3818 mero
710 3766 783 3833 lapsu
802 3765 902 3827 calami,
924 3772 953 3815 ut
971 3764 1078 3823 videtur,
1102 3777 1184 3829 neque
1201 3760 1279 3829 igitur
1296 3761 1330 3811 de

305 3849 384 3904 baira
402 3853 478 3918 (conf.
500 3854 557 3916 103,
578 3855 625 3914 13;
650 3852 692 3914 58,
711 3852 755 3917 24)
774 3850 942 3919 cogitandum
962 3849 1017 3902 erit
1054 3847 1161 3914 611111]

373 3937 394 4006 ²)
412 3938 454 3990 cir.
472 3955 533 4007 pag.
547 3939 604 4000 156,
617 3941 648 3999 43
667 3939 709 4000 58,
722 3938 764 3992 23.
1100 3948 1104 3956 “
