2954 4980
711 252 731 317 4

209 445 383 512 abstineret
411 450 444 511 et
471 444 605 511 certiore
634 444 768 526 quodam
794 442 996 507 fundamento
1019 443 1050 506 in
1078 442 1233 508 Vaticano

208 552 362 628 uteretur,
392 564 455 627 qua
486 552 555 613 erat
582 548 698 612 mentis
729 545 872 611 acumine
900 545 1117 628 sermonisque
1144 546 1236 610 latini

208 649 430 729 familiaritate,
453 668 525 715 raro
548 667 568 714 a
589 669 664 715 vero
689 648 856 726 aberravit,
880 647 1014 729 plurima
1036 653 1092 712 aut
1117 646 1236 729 optime

208 753 385 819 emendavit
417 757 474 817 aut
508 751 695 818 emendandi
726 751 808 815 viam
841 750 1076 815 demonstravit.
1124 750 1236 832 Neque

207 856 301 921 laude
332 874 390 920 sua
419 858 505 920 caret
533 856 577 920 Io.
608 853 701 934 Casp.
726 853 876 928 OrelliuS,
905 852 1059 931 quicum
1087 851 1236 920 Chresto·
1320 936 1322 939 ι

206 959 357 1023 mathiam
387 958 633 1024 Frontonianum
661 955 785 1022 Corneli
812 955 911 1021 Taciti
940 954 1063 1036 dialogo
1094 955 1133 1020 de
1157 956 1235 1022 Ora-

207 1062 370 1140 toribusa
397 1080 431 1127 se
454 1061 537 1126 edito
548 1058 572 1142 ¹)
603 1059 785 1138 addidisset,
815 1057 847 1122 in
869 1057 1071 1122 emendandis
1093 1058 1236 1140 reliquiis

206 1163 426 1229 Frontonianis
442 1181 570 1246 operam
587 1161 760 1228 conlocavit
773 1160 858 1226 baud
871 1180 947 1226 sane
964 1162 1233 1226 contemnendam.

206 1266 388 1331 Fridericus
411 1272 517 1331 autem
541 1264 702 1331 Iacobsius
725 1270 761 1328 ut
782 1265 897 1346 prioris
922 1264 1067 1330 editionis
1090 1264 1235 1331 Maianac

207 1369 291 1434 locos
308 1368 474 1435 nonnullos
492 1375 656 1450 corruptos
672 1368 754 1432 felici
773 1368 896 1448 ingenio
914 1371 1132 1448 temptaverat,
1139 1365 1165 1449 2)
1190 1367 1236 1432 ita

206 1473 338 1538 alteram
378 1472 592 1554 compluribus
630 1470 954 1535 animadversionibus
995 1470 1096 1541 bonae
1134 1468 1235 1551 frugis

206 1575 394 1657 plenissimis
425 1579 612 1656 prosecutus
642 1579 699 1638 est.
715 1570 740 1655 3)
787 1573 862 1636 Post
893 1571 975 1637 hunc
1006 1570 1042 1635 G.
1066 1571 1104 1634 F.
1128 1570 1236 1637 Hilde-

207 1677 345 1745 brandus
378 1679 410 1743 in
445 1677 538 1744 editis
560 1675 649 1742 libris
679 1674 903 1757 Apuleianis⁴)
939 1675 1114 1756 complures
1149 1675 1235 1739 locos

206 1778 435 1845 Frontonianos
460 1780 676 1845 emendavisse
701 1779 760 1845 sibi
784 1779 868 1843 visus
893 1789 948 1858 est,
976 1778 1142 1843 nonnullos
1164 1775 1233 1842 feli-

207 1881 285 1945 citer
316 1882 510 1956 emendavit;
541 1897 730 1961 quamquam
761 1881 933 1946 doctissimi
961 1881 1094 1944 bominis
1126 1880 1234 1945 studia
1318 1897 1322 1903 ·

208 2000 325 2061 eorum,
354 1983 408 2063 qui
431 1982 610 2064 postillam
634 1983 829 2048 emendando
851 1984 1005 2048 Frontoni
1028 2001 1156 2062 operam
1180 1982 1234 2046 de-

138 2126 139 2129 *
208 2083 331 2164 derunt,
355 2086 548 2166 diligentiam
566 2087 658 2166 plane
677 2083 835 2167 fugerunt.
871 2086 975 2150 Pauca
999 2085 1154 2165 quaedam
1179 2084 1235 2149 sed

207 2204 246 2251 ea
260 2187 427 2251 maximam
451 2192 572 2268 partem
595 2188 722 2269 egregia
745 2189 777 2252 in
801 2207 994 2253 communem
1016 2206 1082 2252 rem
1100 2188 1235 2252 contulit

208 2290 283 2353 Arn.
312 2287 507 2370 Schaelerus
519 2287 544 2371 ⁵)
576 2307 657 2369 quae
685 2308 755 2355 cum
786 2290 878 2355 homo
908 2291 1106 2355 doctissimus
1137 2291 1235 2354 vela

207 2392 387 2473 nuperrimo
417 2392 618 2473 reliquiarum
648 2392 931 2457 Frontonianarum
964 2392 1083 2458 editore
1114 2394 1233 2457 Batavo

209 2494 432 2574 praetermissa
448 2495 585 2574 vidisset,
603 2513 640 2560 ea
656 2512 736 2575 quae
751 2496 811 2577 ipsi
822 2496 916 2560 etiam
928 2499 995 2559 tum
1009 2495 1233 2576 probabantur,

208 2597 269 2662 alio
302 2597 370 2663 loco
387 2595 412 2679 6)
447 2599 582 2680 repetiit.
635 2596 749 2662 Tribus
788 2606 893 2663 autem
931 2595 1044 2663 libellis
1078 2597 1233 2662 Henricus

208 2698 360 2782 Alanus⁷)
391 2701 511 2781 Anglus
538 2699 619 2782 quid
653 2700 683 2764 in
715 2699 907 2766 emendando
937 2699 1098 2764 Frontone
1126 2704 1234 2781 posset

277 2903 296 2973 ¹)
314 2905 411 2956 Prodiit
428 2904 491 2955 libor
504 2905 591 2956 'surici
603 2923 667 2957 anno
682 2907 761 2966 1830;
783 2906 982 2958 chrestomathia
997 2906 1042 2957 ills
1055 2924 1130 2974 pagg.
1146 2907 1230 2961 115-

209 2991 257 3045 173
276 2990 460 3057 complectitur.
814 3035 817 3040 A

278 3073 299 3144 ²)
316 3077 342 3126 in
360 3075 403 3128 Fr.
422 3077 487 3142 nug.
506 3075 585 3128 wolfi
602 3077 730 3128 Analectis
747 3078 766 3128 Ι.
788 3079 845 3132 108.

277 3160 299 3225 ³)
316 3161 342 3209 in
361 3161 559 3211 Zimmermanni
577 3163 671 3212 Diariis
690 3163 768 3229 antiq.
789 3165 864 3224 1838,
883 3181 908 3229 p.
925 3166 999 3219 1019.

276 3245 297 3302 ⁴)
315 3245 416 3312 Lipsiae
437 3247 510 3300 1842.

276 3330 297 3396 ⁶)
315 3332 346 3383 de
367 3331 429 3383 locis
448 3332 578 3383 nonnullis
597 3333 725 3384 Ciceronis
743 3334 821 3385 Plinii
832 3334 964 3386 Frontonis
984 3335 1021 3401 (in
1040 3351 1124 3400 progr.
1139 3352 1227 3401 gymn.

210 3418 390 3469 Vitzthumiani
408 3419 559 3469 Dresdensis
579 3421 653 3481 1814,
672 3437 729 3487 pag.
743 3422 864 3483 12-16).

248 3510 251 3515 '
276 3503 297 3570 ο)
315 3505 341 3553 in
352 3503 493 3571 ,Philologo
512 3504 604 3555 XXVI.
624 3507 683 3562 575.

276 3589 298 3655 ⁷)
316 3590 421 3641 Henrici
433 3590 508 3641 Alani
526 3593 685 3643 coniecturae
699 3601 724 3643 et
736 3593 976 3644 animadversiones.
993 3592 1098 3643 Dublini
1112 3594 1185 3647 1841.
1198 3622 1229 3631 -

208 3677 401 3729 Observationes
419 3679 445 3727 in
464 3677 522 3729 loca
540 3678 639 3744 aliquot
651 3678 796 3739 Ciceronis3
815 3679 938 3731 accedunt
955 3678 981 3728 in
996 3677 1130 3729 Caesarem
1150 3678 1229 3731 Fron-

206 3750 291 3815 tonem
311 3764 422 3815 Gellium
440 3763 554 3815 Plinium
573 3764 702 3815 nonnulla.
731 3764 836 3823 Dublini
850 3765 922 3819 1863.
939 3792 971 3801 -
991 3764 1185 3815 Observationes
1203 3764 1234 3822 in¹

206 3850 362 3903 Frontonem
379 3851 486 3904 Dublini
500 3851 575 3906 1867.
605 3850 705 3904 Horum
723 3851 845 3905 librorum
864 3867 938 3918 quem
957 3849 1046 3902 ultimo
1065 3850 1121 3903 loco
1140 3849 1230 3916 scripsi

206 3955 256 3989 non
274 3954 400 4004 usurpari.
