2954 4980
731 252 750 320 2

234 443 393 508 mendavit
405 459 498 522 quam
510 441 577 524 ipse
589 443 773 509 emendavit.
787 441 894 508 Secuti
905 448 981 508 sunt
993 443 1148 509 triumviri
1158 443 1255 508 Bero-

234 540 379 626 linenses,
390 546 592 627 Niebubrius,
608 547 828 626 Buttmannus,
843 545 1084 630 Heindorfius,¹)
1101 547 1155 629 qui
1173 565 1255 612 com-

234 649 320 712 muni
343 648 517 714 studiomm
545 648 696 715 societate
724 649 822 714 iuncti
849 650 959 715 eodem
981 667 1064 714 anno
1083 648 1255 714 Frontonis

232 751 382 832 reliquias
405 758 471 816 tum
495 752 621 833 quidem
638 751 670 815 in
689 752 791 816 lucem
806 756 983 833 protractas
1002 750 1047 816 ita
1067 768 1255 832 percensue

233 858 317 933 runt,
346 859 382 918 ut
410 855 572 919 turbatum
593 853 739 940 loliorum
769 852 883 918 codicis
914 854 1054 919 ordinem
1076 853 1155 917 mira
1178 870 1255 917 sane

234 957 406 1036 sagacitate
426 945 643 1038 restituerent,
673 955 771 1019 multa
794 955 920 1036 egregie
942 955 1154 1030 emendarent
1176 971 1254 1035 rem,

233 1065 385 1138 quantum
408 1059 536 1141 quidem
558 1064 625 1123 tum
647 1076 705 1138 pro
724 1058 899 1124 incredibili
914 1078 977 1140 que
994 1058 1134 1140 Angelus
1149 1057 1253 1122 Maius

231 1151 495 1225 rem'institueret
522 1161 663 1227 socordia
696 1167 728 1228 et
747 1161 874 1227 levitate
888 1158 956 1226 fieri
977 1165 1114 1241 poterat,
1137 1158 1254 1240 insigni

232 1263 337 1328 studio
368 1270 400 1330 et
428 1265 589 1346 diligentia
612 1271 750 1346 agerent.
797 1263 868 1328 Car.
891 1262 1012 1327 Frider.
1036 1259 1252 1342 Heinricbio²)

232 1372 384 1445 quantum
412 1367 515 1431 laudis
546 1366 698 1431 debeatur
719 1366 833 1431 nescio.
878 1365 930 1429 Fr.
954 1360 1060 1429 autem
1082 1360 1251 1444 Rotbius³)

233 1472 269 1531 ut
284 1468 322 1533 de
338 1469 482 1549 epistulis
492 1468 711 1533 Frontonianis
728 1469 843 1550 optime
860 1469 1088 1533 existimavisse
1102 1465 1252 1531 dicendus

232 1574 290 1648 est,
312 1570 358 1634 ita
373 1571 405 1634 in
421 1570 623 1636 emendandis
639 1569 777 1652 reliquiis
790 1569 895 1635 noluit
913 1588 1041 1651 operam
1057 1586 1251 1634 consumere.

233 1670 451 1738 certissimum
467 1679 573 1737 autem
591 1672 630 1737 de
644 1672 812 1737 Frontonis
835 1674 948 1738 studiis
972 1678 1004 1738 et
1026 1672 1150 1754 ingenio
1173 1669 1252 1735 iudi-

231 1773 313 1838 cium
336 1774 411 1840 fecit
433 1794 572 1841 summus
595 1775 647 1839 ille
668 1774 906 1856 Niebuhrius.⁴)
953 1775 1051 1839 Paulo
1073 1779 1154 1856 post,
1181 1772 1200 1835 i.
1224 1791 1251 1836 e.

231 1894 313 1941 anno
341 1876 434 1941 buius
464 1876 580 1942 saeculi
606 1876 752 1941 vicesimo
782 1877 885 1956 tertio,
916 1875 997 1941 felici
1025 1876 1162 1955 quodam
1178 1891 1254 1939 casu
1318 1893 1323 1900 ·

229 1977 347 2043 factum
370 1984 427 2057 est,
450 1985 487 2043 ut
508 1979 591 2043 idem
613 1977 665 2042 ille
685 1979 823 2059 Angelus
839 1978 956 2057 Maius,
980 1996 1050 2043 cum
1076 1977 1252 2042 Mediolano

228 2080 361 2146 Romam
395 2083 563 2162 migrasset
596 2086 628 2145 et
661 2080 869 2146 bibliothecae
904 2080 1073 2148 Vaticanae
1107 2096 1253 2160 praeesse

230 2183 401 2264 coepisset,
433 2181 495 2246 alla
516 2182 683 2246 Frontonis
706 2181 881 2267 fragmenta
904 2183 936 2247 in
959 2183 1065 2248 codice
1090 2180 1254 2259 inveniret,

230 2285 284 2366 qui
306 2285 379 2350 olim
402 2285 517 2366 integri
540 2285 783 2349 Mediolanensis
804 2284 876 2349 libri
898 2303 972 2366 pars
994 2283 1109 2364 fuerat,
1134 2284 1254 2349 utiam

191 2400 195 2406 ·
230 2405 310 2453 anno
333 2388 480 2453 vicesimo
506 2389 601 2452 tertio
621 2387 812 2450 Frontonem
838 2387 1003 2450 uberrimis
1025 2385 1253 2468 supplementis

233 2489 361 2554 auctum
378 2489 471 2554 edere
487 2489 605 2556 liceret.
625 2488 722 2554 Cuius
739 2489 882 2555 editionis
896 2490 996 2554 altera
1010 2507 1084 2570 pars
1100 2489 1140 2554 ab
1155 2489 1255 2553 altera

127 2606 136 2611 *
229 2609 291 2656 non
313 2610 424 2672 parum
447 2591 561 2658 differt.
607 2592 673 2656 Eae
701 2593 792 2674 enirn,
824 2609 904 2674 quae
926 2611 965 2656 ex
986 2591 1094 2673 priore
1118 2590 1254 2655 editione

227 2746 434 2761 Μ..-

297 2833 318 2899 ¹)
344 2834 380 2885 M.
402 2831 512 2884 Cornelii
537 2831 670 2882 Frontonis
697 2830 831 2897 Reliquiae
856 2833 892 2898 ab
915 2831 1015 2897 Angelo
1041 2829 1110 2881 Maio
1136 2829 1246 2896 primum

231 2918 313 2971 editae
337 2927 395 2970 cett.
430 2917 637 2982 Β61611611816.
677 2918 749 2969 Nihil
771 2936 854 2969 moror
878 2918 1005 2969 editiones
1029 2916 1252 2968 Francofurtanam

228 3022 294 3056 enno
315 3003 380 3059 1816
404 3012 448 3054 aut
465 3003 607 3055 Celleneem
628 3004 694 3058 1832
718 3005 834 3066 emissas,
864 3021 929 3071 quae
953 3005 985 3055 ad
1009 3004 1115 3056 verbum
1139 3003 1251 3055 Maianas

228 3090 350 3142 editiones
368 3089 488 3140 reddant.¹

301 3174 322 3240 ²)
340 3175 488 3226 Auctarium
506 3175 708 3226 emendationum
726 3176 753 3226 in
766 3175 904 3227 Frontonis
922 3174 1052 3242 reliquias.
1080 3173 1251 3228 Κ111161811.

227 3260 356 3312 Libellum
373 3260 466 3311 frustra
484 3261 526 3311 rel
543 3260 570 3311 in
588 3261 743 3313 bibliotheca
762 3262 922 3328 Gottingensi
940 3261 1059 3328 quaesivi.

296 3347 319 3411 ³)
339 3345 535 3412 Bemerkungen
552 3347 616 3397 uber
631 3345 673 3396 die
686 3345 811 3397 Schriften
830 3347 874 3397 des
887 3349 923 3398 M.
937 3345 1071 3421 Comelius
1086 3345 1178 3397 Fronto
1197 3344 1250 3395 und

215 3420 290 3484 vliber
315 3431 360 3483 das
381 3432 500 3482 Zeitalter
523 3433 567 3482 der
590 3432 729 3501 Antonine.
772 3430 911 3497 Ndrnberg
935 3431 1001 3487 1817
1038 3451 1072 3474 =
1101 3429 1252 3495 Sammlung

226 3517 331 3570 etlicher
347 3517 496 3584 Vortraege.
533 3515 664 3568 Mdncben
684 3517 758 3579 1851,
777 3535 835 3584 pag.
854 3518 975 3572 52-76.

294 3603 317 3672 ⁴)
335 3607 363 3656 16
382 3605 590 3670 commentatione
609 3621 675 3670 quae
692 3613 731 3657 eet
747 3607 775 3656 in
793 3607 881 3672 script.
901 3605 960 3656 min.
980 3606 1005 3664 2,
1025 3603 1146 3658 oa-m.

336 3689 375 3740 De
384 3692 420 3742 Μ.
429 3687 522 3741 Aureli
545 3690 662 3756 epistulis
673 3690 707 3740 ad
717 3689 869 3742 Frontonem
885 3689 987 3755 seriptis
1000 3690 1119 3755 exposuit
1128 3687 1250 3738 Ernestus

226 3775 333 3828 Mllller:
360 3775 430 3828 Marc
447 3778 488 3827 Au
495 3777 531 3828 rel
554 3779 580 3827 in
598 3779 688 3828 seinen
705 3775 806 3828 Briefen
826 3794 859 3827 an
876 3776 970 3828 Fronto
989 3775 1187 3842 (Festschriftsn
1204 3790 1250 3824 rur

226 3862 451 3930 hundertjtthrigen
465 3861 653 3930 Stiitungsfeier
671 3863 716 3915 des
728 3863 788 3916 kdn.
801 3879 889 3930 evang.
902 3861 1083 3930 Gymnasiums
1097 3877 1130 3914 16
1142 3861 1249 3914 Ratibor

227 3950 302 4008 1869·
338 3953 458 4018 66612)
