2954 4980
637 287 655 350 5

139 481 286 558 expertus
310 479 368 556 est,
394 480 489 557 atque
512 478 592 540 sunt
609 495 693 554 sane,
718 492 798 558 quue
820 475 943 554 probes
971 493 1158 557 quemquam

139 598 200 644 non
223 579 268 644 ita
291 580 397 644 multo.
433 578 596 644 Philiberti
612 578 716 661 Soupe
736 578 954 645 commentatio
966 577 990 660 ¹)
1015 597 1159 661 magnam

139 682 234 746 habet
260 683 442 762 industriae,
467 682 584 748 nullam
606 683 722 765 ingenii
745 683 878 748 leudem.
925 680 1097 746 Nonnullos
1121 701 1159 746 ex

140 786 185 850 eis
214 787 291 851 locis
318 786 553 865 Frontonianis,
585 787 638 868 qui
661 786 701 851 ad
728 787 777 851 ius
803 784 977 866 pertinent,
1005 787 1160 848 tractave-

138 893 213 952 runt
235 890 271 952 F..
298 889 508 971 Schraderlb)
533 898 564 956 et
587 893 683 957 Henr.
708 891 766 956 Ed.
789 887 1010 971 Dirksenus.²)
1054 888 1159 952 Pouoo

139 991 178 1056 de
209 1010 270 1056 uno
299 992 367 1057 loco
390 993 603 1059 Frontoniono
631 996 848 1061 disseruerunt
871 991 1159 1073 Schneidewinus³)

138 1098 170 1159 et
215 1093 361 1160 Cobetus.
376 1095 400 1177 4)
469 1097 684 1161 Praetermisit
728 1103 833 1163 autern
877 1116 1015 1178 nuperus
1059 1096 1160 1161 editor

27 1201 58 1249 ἶ
137 1197 277 1261 Batavus
318 1199 413 1262 etiam
452 1199 656 1265 Miitzeliiana
701 1200 850 1264 nonnulla
892 1218 991 1281 eaque
1036 1199 1160 1263 minime

138 1301 314 1382 spernenda
323 1299 348 1384 ⁵)
383 1307 415 1367 et
453 1302 632 1368 Maehliana
667 1301 738 1383 plus
772 1302 899 1367 dimidia
927 1308 1022 1382 =parte
1052 1301 1160 1365 Immo·

139 1402 315 1486 destiora.⁶)
354 1405 490 1486 Egregia
514 1411 587 1469 sunt
610 1423 692 1486 quae
713 1406 746 1471 O.
763 1407 798 1469 F.
815 1406 852 1470 V.
870 1405 1020 1487 Mullerus
1043 1405 1160 1486 passim

139 1505 178 1570 de
200 1507 358 1570 Frontone
382 1508 563 1588 disputavit,
573 1507 599 1590 ⁷)
643 1509 691 1573 De
718 1510 848 1590 siugulis
874 1510 950 1574 loeis
973 1507 1160 1573 sententiam

75 1602 79 1607 ’
138 1607 278 1673 tulerunt
308 1609 380 1674 Chr.
405 1611 440 1674 A.
465 1610 684 1693 Lobeekius‚⁸)
719 1611 755 1676 Ο.
779 1611 918 1686 Iahnius
929 1609 953 1694 9)
984 1609 1168 1684 Alexander

138 1711 314 1793 Riesius,¹⁰)
332 1713 437 1777 Herm.
450 1712 661 1795 Usenerus,¹.¹)
679 1715 772 1778 Mart.
785 1712 986 1796 HertziuS,¹²)
1003 1711 1160 1806 Ioh.Vah7

37 1872 40 1877 .
136 1814 279 1897 tenuo,¹³)
303 1817 382 1882 Lud.
399 1815 712 1898 Friedleenderus.¹⁴)
749 1817 896 1881 Arionem
912 1815 1160 1880 Frontonianum

137 1938 207 1983 cum
226 1917 368 1985 Gelliano
384 1921 516 1986 eontulit
535 1920 593 1985 Iul.
610 1917 865 2002 Kretschmer.¹⁵)
896 1918 1038 1983 Palmam
1054 1922 1160 1982 eutem

207 2109 226 2176 ¹)
246 2111 277 2161 de
297 2111 478 2161 FrontouionIs
496 2109 618 2177 reliquiis.
653 2107 774 2161 Ambiani
793 2109 866 2162 1853.

206 2194 245 2263 ¹¹³)
257 2194 447 2247 Neuentdeekte
460 2194 571 2255 Queilen
585 2194 722 2246 romischer
731 2194 914 2245 Rechtskunde
928 2194 954 2244 in
964 2193 1027 2244 Krit.
1038 2191 1160 2243 Zeitsohr.

135 2285 152 2335 f.
171 2282 439 2334 Rechtswissenocheit
456 2281 532 2332 vol.I
550 2283 609 2331 fuse.
624 2284 648 2341 9,
668 2299 725 2347 pag·
746 2282 799 2335 140
810 2298 865 2347 sqq.
892 2279 1000 2345 Tubiug.
1017 2278 1091 2332 1826.

205 2367 226 2432 ²)
245 2367 296 2419 Zur
314 2367 466 2433 Auslegung
484 2367 581 2433 einiger
595 2365 694 2417 Stelien
712 2366 738 2416 iu
757 2365 802 2417 des
814 2365 945 2416 Cornelius
959 2364 1052 2415 Fronto
1072 2363 1160 2413 Reden

139 2456 193 2506 und
212 2454 312 2505 Briefen
332 2455 448 2504 recitavit
467 2460 543 2504 homo
563 2452 726 2502 doctissimus
750 2453 775 2502 iu
793 2451 925 2502 academia
942 2450 1063 2500 litteraria
1079 2449 1159 2499 Bere·
1201 2480 1210 2493 ·

117 2528 228 2592 ‘lineusi
251 2559 274 2594 a.
292 2541 316 2590 d.
335 2539 398 2590 XVI
426 2540 483 2591 Kal.
509 2540 608 2590 Ianuar.
635 2537 810 2598 innocuum,
839 2554 903 2603 quae
930 2537 1106 2587 commentatio
1133 2537 1159 2586 in

61 2623 65 2630 ’
90 2687 91 2692 ¹
136 2627 313 2693 opusculorum
337 2626 456 2676 Dirkseni
479 2624 638 2676 voluminel
663 2641 720 2691 pag.
740 2625 790 2678 943
811 2642 867 2690 sqq.
893 2623 1001 2690 legitur,
1029 2622 1097 2688 quod
1121 2622 1161 2672 his

135 2713 198 2779 ipsis
217 2713 306 2765 diebus
325 2713 426 2779 Lipsiae
444 2713 538 2780 prodiit
555 2712 658 2778 (edente
677 2709 706 2761 II.
724 2710 755 2762 D.
775 2709 873 2774 Senio).

206 2798 227 2863 ³)
245 2798 271 2848 in
289 2798 425 2864 Philologo
444 2799 475 2849 X.
494 2800 552 2852 391.

204 2884 225 2952 ⁴)
243 2885 270 2934 in
288 2887 458 2952 Mnemosyne
476 2885 507 2936 V.
527 2886 584 2938 232.
811 2926 813 2930 ψ

204 2970 225 3034 ⁶)
244 2969 280 3019 Zu
302 2969 397 3021 Fronto
417 2970 453 3035 (in
473 2970 565 3021 Diariis
583 2988 667 3038 gymn.
687 2969 894 3020 Berolinensibus
912 2968 981 3019 XIII.
1001 2968 1071 3033 640).

204 3056 225 3119 ⁶)
243 3055 268 3106 in
286 3054 420 3122 Philologo
438 3053 522 3106 XVII.
544 3058 592 3110 176
611 3072 665 3122 sqq.
684 3054 754 3107 XIX.
775 3055 823 3109 159
842 3072 896 3119 sqq.

204 3143 226 3205 τ)
246 3145 272 3193 in
286 3151 470 3209 programmate
477 3142 684 3208 Londsbergieno
696 3142 771 3202 1865,
784 3141 854 3192 euius
867 3138 939 3190 nullu
948 3138 1048 3191 Nubere
1059 3138 1157 3202 notitia,

135 3237 160 3280 et
179 3229 205 3280 in
222 3230 314 3281 Annul.
333 3229 423 3296 philol.
443 3245 502 3281 nov.
514 3229 556 3288 93,
575 3246 600 3295 p·
612 3229 662 3283 487
675 3245 730 3294 sqq.

203 3314 224 3379 8)
240 3315 267 3364 in
280 3313 461 3382 Aglaophomo
476 3330 504 3379 p.
518 3316 576 3369 707.

214 3400 224 3465 )
242 3400 268 3450 in
280 3400 346 3454 Mus.
360 3400 429 3451 rhen.
440 3398 490 3451 III.
502 3400 551 3454 156
567 3405 591 3450 ot
605 3406 662 3464 post
676 3398 804 3450 Nuberum
818 3399 845 3448 in
856 3396 990 3463 Philologo
1001 3395 1123 3450 XXVIII.
1135 3399 1158 3450 7.

193 3485 224 3550 1)
242 3484 268 3534 in
280 3484 371 3537 Annal.
390 3483 453 3550 phil.
473 3500 531 3535 nou.
544 3485 586 3545 91,
604 3500 629 3549 p.
645 3485 700 3538 146.

193 3569 224 3636 1ι)
243 3570 298 3621 eod.
318 3569 334 3621 l.
347 3571 389 3633 91,
407 3587 432 3636 p.
447 3571 505 3624 968.

194 3655 225 3720 ¹²)
244 3656 300 3709 eod.
318 3656 392 3717 193,
410 3673 435 3721 p.
448 3655 507 3710 579.

203 3401 213 3431 9

203 3486 212 3514 0

194 3740 225 3807 ¹³)
243 3741 269 3791 in
299 3741 345 3791 Cn.
376 3739 454 3791 Naevi
478 3739 510 3792 de
532 3738 592 3791 bell.
615 3739 680 3793 Pun.
704 3739 818 3806 reliquiis
841 3758 866 3807 p.
889 3743 913 3803 6,
937 3742 962 3803 7,
986 3746 1011 3792 et
1034 3739 1060 3790 in
1088 3739 1159 3792 Aetis

135 3845 221 3895 gymn.
240 3826 415 3879 Austr.X1X.
435 3829 475 3882 10.

196 3912 227 3980 ¹⁴)
245 3912 271 3962 in
289 3912 454 3962 Enurrutione
472 3929 569 3962 morum
588 3928 682 3962 roman.
700 3913 725 3972 ⁴2,
743 3912 800 3966 127.

195 3999 225 4064 15)
245 3998 269 4047 in
289 3997 351 4048 libro
372 3997 403 4047 de
421 3997 500 4048 Gellii
519 3997 629 4048 fontibus
648 4014 707 4065 pag.
724 3997 779 4051 103.
805 3996 949 4049 Poonaniae
964 3997 1037 4052 1860.
