2954 4980
634 256 653 316 9

139 464 250 511 cerem.
285 445 389 525 Atque
404 461 461 524 pro
477 445 595 508 viribus
612 443 687 505 meis
705 399 923 505 abstinendum
939 438 1014 502 mihi
1030 438 1155 520 quidem

139 547 249 629 putaui
278 552 310 611 et
338 566 357 611 a
384 545 503 611 lacunis
527 544 685 625 explendis
713 549 745 609 et
767 544 806 607 ab
830 544 875 608 eis
897 543 982 621 locis,
1013 541 1054 607 ad
1077 557 1155 620 quos

145 651 299 716 sanandos
323 655 378 714 aut
401 647 606 714 reconditiore
628 647 769 711 doctrina
791 651 846 711 aut
869 663 980 725 magno
1004 644 1160 708 6611661-
1265 671 1268 681 =

141 755 220 818 ticae
250 772 310 816 usu
340 752 405 815 sive
439 769 516 829 opus
551 756 599 814 est
628 750 693 813 sive
722 768 800 831 opus
831 767 900 813 esse
928 749 1003 812 mihi
1034 747 1160 826 quidem

141 856 242 920 visum
266 860 322 919 est.
368 852 446 917 Cum
471 854 551 917 enim
574 852 605 917 in
633 851 681 915 his
711 853 924 933 scriptoribus
953 851 1104 932 quiquid
1128 843 1160 915 et
1186 917 1189 924 ,

141 959 295 1040 quomodo
325 957 386 1037 ipsi
411 955 594 1037 scripserint
620 974 657 1019 ex
683 954 824 1019 codicum
854 955 1028 1036 miserrima
1053 953 1158 1020 condi·
1240 973 1244 979 ’

141 1063 229 1126 cione
251 1061 349 1124 multo
372 1060 474 1124 minus
489 1076 583 1139 quam
605 1058 637 1121 in
653 1057 782 1137 reliquis
798 1058 947 1123 constitui
969 1060 1051 1139 licet,
1073 1059 1161 1123 latis·
1239 1056 1300 1110 '5''

144 1165 240 1229 simus
263 1168 371 1244 pateat
394 1162 453 1226 arti
477 1161 683 1225 divinatoriae
707 1179 844 1241 campus,
869 1159 1071 1226 diffidendum
1093 1149 1163 1225 esse
1250 1236 1253 1240 ⁴

145 1267 318 1333 existimavi
341 1265 495 1347 ingeniolo
518 1283 587 1329 meo
610 1264 644 1327 in
665 1264 773 1346 eisque
789 1266 1059 1347 acquiescendum,
1081 1283 1163 1346 quae

144 1369 262 1434 multae
286 1373 317 1434 et
340 1368 482 1448 diligenti
504 1365 630 1431 lectioni
653 1367 958 1433 adulescentulorum
974 1388 1035 1433 non
1058 1372 1164 1432 essent

144 1470 400 1552 impenetrabilia.
437 1469 556 1547 Quodsi
578 1470 609 1533 in
631 1470 680 1535 his
706 1470 871 1536 artissimis
893 1471 1006 1536 linibus
1029 1490 1078 1535 66
1101 1488 1163 1534 non

142 1573 332 1638 continuisse
363 1572 437 1637 viris
471 1573 571 1637 doctis
605 1573 690 1638 visus
723 1573 828 1648 fuero,
862 1579 895 1638 at
927 1574 1011 1638 volui
1041 1574 1162 1638 saltem.

142 1679 308 1759 Reliquum
340 1682 397 1756 est,
431 1680 467 1741 ut
499 1677 593 1742 hasce
627 1676 802 1741 studiorum
836 1694 976 1739 meorum
1011 1675 1163 1756 primitias

145 1779 388 1860 simplicissimas
412 1785 444 1844 et
464 1779 711 1844 modestissimae
733 1779 771 1857 ei,
794 1796 928 1859 quorum
947 1796 1102 1842 summum
1126 1777 1164 1840 de

141 1882 190 1946 his
214 1882 308 1946 rebus
331 1881 479 1947 iudicium
503 1886 560 1958 est,
594 1881 687 1960 aequi
714 1881 850 1960 bonique
873 1880 1047 1959 consulant,
1075 1885 1106 1945 et
1128 1884 1165 1943 ut

146 1983 213 2064 ipse
236 1984 356 2063 gratias
378 2001 468 2063 agam
496 2002 592 2065 quam
619 2001 747 2063 possum
775 1983 927 2067 maximas
956 1983 1023 2047 viro
1046 1982 1085 2047 de
1106 1980 1165 2046 hoc

142 2084 246 2150 libello
278 2084 480 2149 meritissimo
508 2085 590 2149 Guil.
617 2085 852 2163 Studemundo‚
884 2085 1058 2166 Professori
1086 2083 1165 2147 anti·

143 2207 276 2270 quarum
291 2187 469 2251 litterarum
484 2186 780 2268 Gryphiswaldensi
797 2189 851 2268 qui
868 2188 944 2253 dum
958 2189 1018 2253 hae
1033 2187 1166 2268 paginae

142 2309 161 2354 a
187 2290 273 2370 prelo
296 2288 440 2363 madent,
470 2289 593 2370 potiora
621 2307 659 2353 ex
689 2290 734 2354 eis
767 2309 888 2356 mecum
918 2289 1166 2368 communicavit,

146 2412 227 2475 quae
260 2394 327 2473 ipse
358 2391 391 2459 in
422 2392 547 2456 schedis
577 2393 642 2456 suis
677 2393 716 2458 de
748 2386 959 2474 discrepantia
993 2392 1166 2472 scripturae

147 2494 372 2568 Ambrosianae
417 2494 638 2568 adnotaverat;
682 2514 719 2561 ea
755 2496 859 2561 omnia
895 2496 927 2560 in
965 2495 1047 2559 notis
1084 2511 1166 2559 com·

143 2599 332 2665 memorabo.

231 2829 442 2911 Conqueritur
464 2829 511 2891 ad
523 2829 672 2894 Marcum
690 2828 859 2895 Caesarem
874 2833 903 2896 I.
921 2857 1000 2918 pap.
1018 2835 1039 2896 4
1057 2831 1167 2896 Naber

145 2933 188 2996 M.
206 2932 330 3012 Caesar,
355 2934 439 3014 quod
461 2933 520 2997 sibi
542 2935 649 3000 multis
672 2934 765 2999 rebus
788 2936 972 3015 praepedito
992 2954 1054 3001 non
1074 2935 1167 3000 liceat

146 3037 186 3101 ad
202 3036 391 3100 Frontonem
414 3037 600 3116 magistrum
622 3038 702 3117 pede
723 3038 916 3105 laborantem
937 3040 1083 3105 continuo
1098 3057 1167 3120 per-

148 3157 276 3204 currere
298 3139 518 3219 hominemque
540 3140 748 3222 aegerrimam
771 3142 883 3207 solatio
903 3147 936 3208 et
957 3141 1071 3209 auxilio
1094 3140 1168 3207 sub-

145 3242 258 3306 levare.
291 3241 337 3304 Et
356 3254 401 3320 tu,
424 3242 535 3323 pergit,
557 3265 605 3306 66
628 3243 763 3308 amioum
785 3266 888 3322 cocos,
912 3243 971 3327 qui
989 3266 1051 3306 non
1073 3244 1168 3306 abru-

139 3344 211 3428 ptio
228 3391 335 3406 .....
351 3366 446 3406 corso
461 3344 604 3428 eon(cito)
614 3345 767 3429 pervolo?
780 3346 850 3410 Non
867 3350 990 3410 constat
1005 3346 1044 3411 de
1058 3346 1168 3412 vocula

147 3447 270 3510 omissa.
286 3444 364 3510 Cum
379 3447 458 3510 enim
472 3447 574 3512 Maius
587 3466 621 3512 se
634 3445 776 3511 domibus
788 3448 820 3510 in
833 3448 937 3513 codice
948 3449 1062 3530 legisse
1074 3449 1168 3528 dicat,

147 3547 191 3612 du
205 3548 286 3612 Rieu
301 3567 335 3612 re
355 3542 601 3630 vernonium,
624 3556 660 3615 ut
680 3555 783 3614 tamen
800 3551 1022 3633 duae'primae
1044 3552 1168 3619 litterae

145 3651 287 3716 incertae
312 3651 383 3731 sint,
406 3652 437 3715 in
460 3650 661 3734 palimpsesto
685 3671 753 3718 esse
775 3651 964 3734 adfirmat.⁸)
1006 3653 1167 3721 Iacobsius

219 3855 244 3920 ⁵)
264 3856 357 3922 [Immo
375 3872 431 3907 oum
450 3857 476 3907 in
489 3857 576 3909 codice
593 3875 620 3909 re
637 3872 698 3908 vore
710 3857 830 3924 scriptum
848 3858 882 3909 sit
899 3807 1020 3908 DOMffi·
1038 3864 1063 3908 et
1080 3875 1168 3909 omnes

146 3941 250 3993 litterae
269 3949 356 3992 certae
374 3944 425 3993 sint
442 3950 541 4009 praeter
559 3943 665 4010 primam
682 3943 715 4004 D,
734 3960 779 4009 pro
798 3960 848 4010 qua
866 3945 945 3995 etlam
965 3943 996 3994 de
1013 3942 1039 3993 H
1057 3943 1167 4011 cogitare
