2954 4980
716 266 754 328 14

224 475 277 522 eos
300 456 462 548 appellem,
490 472 586 537 pones
608 471 686 534 quos
710 453 792 518 solos
815 450 1029 518 restituendae
1052 450 1241 515 valetudinis

223 565 297 624 tuae
319 564 458 641 potestas
481 564 539 632 est,
569 558 610 621 ad
634 557 718 621 deos.
764 556 851 632 Quae
874 574 944 619 cum
967 555 1012 618 ita
1035 553 1107 633 sint,
1138 553 1244 618 iocum

223 662 268 727 ita
283 662 429 726 emendo:
453 658 530 722 Vale
544 659 630 738 miti,
647 659 765 722 Fronto
781 655 1012 723 iucundissime.
1045 654 1245 740 Quamquam

222 764 269 826 ite
297 784 345 825 oce
375 760 560 847 dispositius
590 761 691 824 dicere
720 774 840 846 oportet
869 796 911 807 -
944 784 1018 823 nom
1051 772 1085 822 tte
1119 756 1246 844 quidem

223 887 345 950 semper
368 887 440 928 ovea
455 894 497 912 -ι
522 864 548 928 O
572 866 627 949 qai
646 865 759 949 abique
782 865 865 943 estis,
891 862 929 925 di
949 864 1025 926 boni
1043 875 1112 927 cett.
1150 863 1246 928 Hein-

226 966 317 1033 dorfii
346 969 555 1034 coniecturam
577 987 633 1033 cur
660 968 845 1050 spreverim,
874 985 986 1033 caussa
1008 986 1045 1032 ea
1068 973 1132 1047 est,
1162 964 1246 1047 quod

226 1069 278 1134 dia
301 1069 404 1133 dicere
421 1072 664 1137 inverecundum
680 1077 737 1135 est.
761 1071 928 1135 Praeterea
942 1069 1044 1151 ipsum
1061 1068 1246 1135 vocabulum

224 1170 273 1233 icc
300 1171 516 1239 Heindorfium
545 1192 607 1237 non
637 1178 722 1237 recte
754 1172 936 1237 emendasse
971 1171 1167 1237 documento·
1185 1173 1243 1233 est.

223 1273 304 1339 Nam
328 1276 394 1340 sive
415 1276 456 1341 ad
477 1277 698 1357 praecedentia
717 1275 835 1340 referas
859 1275 924 1340 sive
945 1272 987 1338 ad
1010 1272 1243 1354 subsequentia,

213 1378 300 1442 ‘nihil
321 1379 352 1442 in
376 1397 412 1443 eo
436 1379 503 1444 sani
526 1378 594 1443 erit.
640 1378 712 1444 Sive
735 1380 816 1443 enim
839 1378 995 1442 Marcum:
1024 1377 1079 1454 ite,
1104 1388 1139 1437 et
1163 1373 1245 1453 deici,

225 1477 276 1542 dia
296 1481 417 1564 potios,
440 1503 487 1543 me
510 1479 614 1544 dicere
636 1493 764 1565 oportet,
792 1482 927 1546 voluisse
951 1479 1109 1557 statueris
1139 1495 1244 1559 super·

223 1581 287 1648 flua
311 1590 343 1650 et
362 1585 546 1651 inconcinna
569 1604 615 1665 ea,
639 1605 720 1667 quae
744 1585 896 1665 sequitur,
924 1584 1054 1648 deorum
1076 1581 1245 1663 appellatio

223 1686 297 1761 erit3
329 1686 394 1753 sive
421 1688 477 1766 e'ta,
509 1701 544 1750 at
573 1687 715 1752 dicturus
744 1710 822 1768 sum,
851 1685 903 1749 de'a
925 1686 1038 1771 potetas
1066 1705 1114 1746 me
1142 1681 1246 1746 dicere

224 1800 362 1872 oportet,
390 1797 447 1855 aut
468 1791 652 1858 vocabulum
681 1789 736 1854 dia
758 1797 815 1856 aut
837 1809 918 1872 quae
946 1790 1088 1872 sequitur
1114 1787 1245 1851 deorum

223 1891 377 1956 invocatio
407 1893 580 1973 incongrua
608 1895 710 1960 erunt.
755 1894 875 1971 Restat,
907 1897 943 1957 ut
971 1892 1010 1958 de
1038 1890 1163 1955 insolito
1192 1888 1245 1953 illo

225 1995 435 2076 comparativo
452 1992 639 2080 dispositius
648 1995 672 2077 ¹)
695 1996 792 2061 verba
813 1992 933 2060 faciam.
968 1994 1001 2058 Is
1023 1993 1165 2075 quamvis
1186 1991 1246 2056 hoc

223 2095 300 2176 loco,
330 2097 416 2177 quod
445 2097 551 2175 sciam,
582 2099 673 2163 unico
695 2097 881 2176 inveniatur,
911 2095 989 2161 nihil
1016 2101 1122 2160 tamen
1152 2094 1248 2159 habet

223 2196 410 2262 offensionis.
457 2199 619 2264 Vocabula
647 2198 730 2263 enim
759 2198 846 2270 ἅπαξ
872 2197 1021 2285 εἰρημένα
1051 2196 1154 2261 tutin
1176 2194 1248 2260 reli-

223 2299 304 2380 quiis
324 2299 546 2365 Frontonianis
581 2300 791 2379 inveniuntur,
823 2304 901 2379 quot
927 2299 1068 2365 homines
1099 2297 1189 2363 decet
1214 2297 1248 2360 in

223 2402 327 2467 verbis
350 2404 482 2468 insolitis
505 2404 693 2483 quaerendis
715 2403 946 2484 indefatigatos.
991 2404 1096 2482 Atque
1121 2402 1247 2466 Marcus

223 2505 348 2586 quidem
383 2506 554 2587 discipulus
587 2507 619 2571 in
655 2507 821 2572 verborum
855 2506 1107 2587 quaerendorum
1143 2504 1246 2568 studio

149 2607 152 2612 ’
224 2608 303 2673 adeo
326 2608 441 2673 nimius
463 2620 521 2689 est,
550 2616 587 2674 ut
609 2608 658 2674 vel
678 2610 717 2675 ab
740 2611 808 2689 ipso
830 2609 991 2690 magistro,
1021 2608 1247 2672 inusitatorum

223 2712 446 2791 amantissimo,
458 2712 707 2792 reprehendatur
723 2711 773 2795 (cf.
786 2713 826 2776 ad
840 2711 883 2775 M.
895 2709 1128 2776 Caesarem'IV.
1142 2709 1174 2792 3)
1187 2708 1243 2774 sed

223 2812 262 2879 de
276 2814 335 2878 hac
350 2833 385 2878 re
402 2818 522 2896 postea,
545 2832 606 2896 quo
630 2814 698 2878 loco
720 2816 822 2895 ipsum
841 2814 1033 2878 Frontonem
1055 2820 1088 2878 et
1103 2812 1245 2878 Marcum

224 2918 391 2997 praecipue
421 2918 453 2982 in
476 2917 601 2984 utendis
627 2916 849 2999 comparativis
872 2915 1121 2980 immodestiores
1148 2914 1245 2979 fuisse

225 3019 486 3104 demonstrabo.²)
509 3021 613 3086 Unum
629 3019 720 3085 addo.
744 3019 1011 3098 Quemadmodum
1024 3018 1166 3083 Marcum
1183 3015 1246 3079 dia·

222 3122 363 3208 pociacus
379 3123 541 3203 scripsisse
555 3127 641 3204 puto,
665 3123 710 3188 ita
726 3123 854 3188 Tacitus
875 3121 928 3204 (ab
945 3141 1009 3187 exc.
1026 3121 1055 3185 d.
1073 3122 1109 3184 A.
1125 3119 1193 3186 XV.
1211 3118 1244 3201 3)

223 3224 425 3309 coaepoac'a'ea
455 3226 676 3307 comparativo,
710 3225 794 3306 quod
821 3225 928 3303 sciam,
960 3224 1047 3290 solus
1079 3240 1156 3287 usus
1186 3228 1243 3288 est.

222 3329 270 3395 De
292 3329 441 3396 Leutschi
470 3328 642 3405 sententia,
671 3329 725 3410 qui
755 3329 890 3408 probata
911 3326 1073 3394 Heindorfi
1102 3325 1245 3391 emenda·

223 3431 317 3511 tione,
335 3429 422 3493 calce
437 3447 495 3512 pro
512 3452 584 3493 coes
600 3429 766 3512 legendum
782 3431 904 3496 censuit
921 3429 1043 3513 (Philol.
1055 3429 1153 3494 XXX.
1169 3426 1243 3510 176)

224 3533 356 3600 subinde
379 3533 556 3615 disputabo.
890 3533 892 3538 ’

222 3691 426 3702 ...—

294 3775 313 3843 ¹)
331 3776 388 3828 Non
406 3776 479 3828 aliter
496 3775 529 3827 ad
540 3778 658 3828 Marcum
671 3776 805 3828 Caesarem
817 3775 848 3829 V.
860 3777 891 3833 31
907 3776 963 3842 (46)
981 3792 1038 3843 pag.
1050 3773 1093 3837 85,
1106 3776 1122 3829 6
1141 3771 1242 3837 quiam

223 3863 292 3929 prior
309 3880 398 3913 manua
417 3861 535 3924 exaravit,
553 3861 633 3914 altera
650 3871 715 3914 rocta
733 3861 842 3926 quietim
859 3861 1012 3915 emendavit.

293 3965 314 4032 ²)
332 3968 362 4016 cf.
381 3982 503 4018 excursus
519 3965 552 4019 ΙΙ.
