2954 4980
649 297 668 361 3

147 487 300 570 repetitae
338 491 426 569 sunt,
462 487 613 568 reliquiae
646 486 895 553 Mediolanenses
931 507 1033 570 neque
1071 489 1167 555 ullam

64 640 67 644 a
149 591 268 657 habent
288 590 402 657 iterum
425 589 541 656 conlati
563 590 677 657 codicis
693 589 1003 668 commendationem,
1026 592 1167 671 quamvis

151 693 326 773 videantur,
343 699 471 776 atquae
487 713 524 760 ex
539 694 662 761 schedis
674 693 836 760 Vaticanis
851 698 1053 760 accesserunt
1067 685 1166 760 multo

143 796 261 862 maiore
283 797 486 863 accuratione
509 803 541 863 et
563 797 727 879 diligentia
742 815 780 862 ex
797 796 904 862 codice
919 797 1078 878 descripta
1095 803 1170 862 sunt

143 917 237 980 quam
267 917 348 981 qnae
374 900 422 965 vir
455 900 646 967 clarissimos
679 901 712 965 in
741 899 800 964 hac
834 899 972 964 editione
1000 918 1038 963 ex
1066 891 1171 981 priore

142 1001 280 1084 repetiit.
320 1004 424 1084 Atque
441 1001 562 1069 utinam
581 1002 771 1085 repetiisset!
795 1002 887 1066 Nunc
904 1020 980 1066 vero
998 1020 1038 1066 ne
1053 1002 1170 1067 monito

143 1104 269 1186 quidem
304 1103 422 1170 lectore
450 1107 635 1188 complures,
666 1106 756 1188 quasi
778 1103 810 1170 in
833 1104 939 1171 codice
961 1101 1170 1171 Ambrosiano
1235 1186 1241 1199 ,

142 1207 297 1290 legantur,
325 1207 521 1274 coniecturas
545 1214 577 1274 et
600 1208 836 1275 emendationes
859 1209 1097 1283 triumvirorum
1112 1210 1172 1274 Be·

143 1310 346 1376 rolinensiom
386 1314 419 1377 in
452 1312 591 1378 ordinem
626 1313 751 1393 recepit.
809 1313 911 1394 Atque
946 1331 1016 1377 cum
1056 1312 1170 1377 librum

144 1413 410 1480 Mediolanensem
442 1434 503 1479 non
533 1433 579 1493 ea,
609 1434 672 1496 qua
700 1434 758 1495 par
790 1413 903 1493 fuerat,
934 1414 1095 1497 diligentia
1124 1415 1170 1479 in*

143 1517 302 1597 spexisset
325 1536 458 1599 cumque
480 1517 588 1581 multis
611 1517 687 1582 locis
710 1522 767 1582 aut
785 1517 865 1582 falsa
881 1517 1099 1599 descripsisset
1114 1521 1170 1582 aut

143 1617 182 1683 de
204 1617 332 1684 lacunis
356 1640 417 1686 non
440 1628 525 1686 recte
541 1622 723 1697 rettulisset,
746 1620 815 1687 fieri
837 1640 899 1686 non
924 1628 1073 1703 potuerat
1094 1621 1171 1700 quin

142 1719 288 1787 homines
320 1724 556 1804 Berolinenses,
588 1717 642 1806 qui
672 1721 766 1788 fidem
789 1724 872 1788 Maio
902 1724 1070 1801 haberent,
1099 1739 1171 1791 cum

124 1815 205 1906 ¹ipsi
220 1826 272 1888 via
287 1831 319 1890 et
341 1827 462 1892 ratione
481 1826 672 1907 incederent,
695 1827 781 1891 haud
804 1846 875 1892 raro
898 1828 930 1891 in
953 1827 1043 1891 devia
1066 1825 1170 1891 omnia
1272 1831 1275 1836 '

59 1931 67 1941 ’
144 1928 383 1994 seducerentur.
421 1930 487 1993 Iam
510 1946 584 1993 vero
601 1929 704 1994 Maius
727 1928 854 1994 inventa
869 1927 1084 1994 Berolinensia
1099 1945 1171 2008 pro·
1361 1913 1365 1926 ’

116 2046 117 2049 ’
143 2029 231 2093 bavit
247 2034 343 2111 atque
359 2049 417 2113 pro
434 2049 506 2095 vere
518 2030 740 2096 Frontonianis
755 2030 940 2110 venditavit,
956 2036 992 2094 ut
1007 2029 1169 2111 scriptoris

147 2131 241 2196 verba
263 2151 325 2195 non
349 2133 453 2212 semel,
483 2151 541 2197 sua
570 2133 768 2215 neglegentia
789 2133 830 2197 ad
853 2133 986 2197 aliorum
1008 2132 1169 2196 hominum
1241 2154 1243 2159 ¹

146 2232 309 2297 doctorum
332 2234 457 2315 ingenia
480 2235 653 2300 exercenda
669 2241 702 2300 et
716 2234 836 2301 frustra
850 2235 1025 2301 exercenda
1041 2235 1169 2308 abusus,

146 2335 201 2399 sed
232 2335 363 2415 eisdem,
394 2353 472 2416 quos
501 2337 546 2401 illi
574 2356 632 2419 per
659 2339 757 2419 ipsius
791 2339 992 2404 securitatem
1019 2336 1166 2415 fecerant,

117 2435 304 2503 -erroribus
336 2440 555 2519 patrocinatus
592 2441 640 2506 bis
674 2442 851 2523 corrupisse
891 2440 1043 2507 dicendus
1083 2438 1133 2504 sit.
1144 2437 1168 2521 ¹)

146 2541 250 2621 Atque
277 2540 397 2621 primus
425 2541 537 2607 deinde
565 2544 624 2608 hoc
652 2562 757 2608 rerum
787 2548 873 2608 statu
902 2543 1052 2623 deceptos
1074 2541 1170 2606 Kessss

145 2640 263 2724 lerus²)
287 2642 403 2708 inlelici
425 2642 497 2707 nisu
520 2645 648 2709 lacunas
671 2645 704 2709 in
726 2647 795 2728 ipsa
817 2647 869 2710 illa
885 2645 1170 2710 Mediolanensium

145 2744 397 2810 membranarum
428 2754 524 2826 parte
548 2748 672 2828 explere
702 2755 833 2815 conatus
857 2755 914 2815 est.
963 2747 1098 2814 Secutus
1121 2752 1170 2812 est

146 2845 323 2912 Ludovicus
337 2846 552 2934 Schopenus³)
568 2852 623 2932 qui
636 2853 758 2918 duobus
774 2853 887 2918 libellis
901 2870 1053 2934 perquam
1070 2852 1169 2916 doctis

146 2951 277 3016 alteram
292 2953 312 3015 i.
326 2971 352 3017 e.
367 2953 510 3019 Vaticani
527 2957 642 3021 codicis
656 2962 780 3038 portem
796 2955 974 3019 emendavit
989 2953 1168 3020 felicissimo

145 3054 329 3134 plerumque
359 3073 520 3122 successu:
552 3058 669 3140 quippe
697 3078 767 3124 cum
796 3059 836 3123 ab
860 3055 1076 3122 Ambrosianis
1107 3054 1169 3119 illis

218 3297 236 3365 ¹)
254 3297 368 3348 Eandem
381 3297 516 3349 editionem
528 3300 559 3350 A.
572 3299 656 3350 Maius
669 3316 734 3350 anno
748 3300 814 3354 1846
832 3303 870 3350 ita
886 3298 1049 3365 repetendam
1062 3295 1167 3360 curavit,

149 3393 188 3446 ut,
206 3401 263 3434 cum
280 3384 306 3434 in
325 3385 529 3436 adnotationibus
551 3401 632 3453 pauca
654 3385 779 3451 quaedam
803 3385 948 3449 corrigeret,
973 3383 1072 3434 codices
1096 3385 1168 3450 ipsos

81 3474 83 3478 ’
145 3469 318 3522 retractavisse
335 3487 385 3521 non
405 3471 526 3524 videatur.

213 3556 235 3621 ²)
252 3555 291 3607 De
310 3556 381 3621 locis,
406 3557 493 3624 quiin
513 3559 548 3610 M.
567 3557 703 3608 Frontonis
722 3556 836 3623 epistolis
858 3556 888 3606 ad
907 3556 1065 3606 Antoninum
1083 3553 1166 3615 Pium,

146 3641 178 3692 ed
194 3640 310 3693 Marcum
329 3642 464 3694 Caesarem
482 3650 508 3693 et
525 3644 557 3694 ed
573 3642 669 3693 Verum
686 3641 866 3709 Imperatorem
884 3641 1016 3693 Aurelium
1034 3641 1167 3691 Caesarem

146 3727 177 3779 ab
198 3728 300 3794 Angslo
318 3727 386 3778 Maio
406 3727 533 3796 inscriptis
558 3727 635 3779 litura
656 3729 766 3794 corrupti
786 3727 1016 3794 deprehenduntur,
1039 3724 1168 3793 probabili

145 3816 289 3866 coniectura
307 3814 464 3867 sarciendis.'
488 3814 652 3882 Programma
669 3831 753 3882 gymn.
772 3812 962 3865 Rosslebiensis
983 3812 1058 3866 1828.

215 3899 236 3965 8)
253 3899 466 3951 Emendatiounm
487 3900 712 3952 Frontonianorum
730 3899 817 3951 Partes
836 3900 848 3948 I
866 3908 892 3951 et
908 3899 941 3949 Il.
972 3898 1165 3966 Programmata

146 3984 248 4039 scholae
265 3983 408 4037 Bonnensie
428 3987 502 4042 1830.
523 3987 596 4041 1841.

912 4087 945 4143 l}
