2954 4980
717 262 757 326 25

221 453 299 519 illud
322 454 399 514 mire
421 452 533 517 mirum
557 471 606 517 me
628 450 733 528 habet,
755 443 838 529 quod
862 468 931 514 cum
948 467 1017 529 pag.
1038 448 1076 511 18
1093 464 1247 528 nusquam
1342 451 1355 474 ·'

222 557 282 621 nisi
305 555 389 636 apud
414 555 553 620 Marcum
577 555 601 617 I.
626 554 647 615 4
670 572 740 634 pag.
766 553 961 616 remuniri
984 551 1064 628 dixi,
1093 570 1133 615 ue
1154 550 1248 615 huius

225 658 350 740 quidem
372 657 432 722 loci
455 657 617 720 immemor
638 654 722 736 sui.¹)
780 656 820 718 At
849 653 907 720 hoc
928 655 996 734 ipso
1018 653 1085 717 loco
1108 671 1147 716 ne
1168 652 1249 714 mire

223 761 286 823 iarn
311 759 444 841 legetur,
469 757 666 835 verecundie,
696 756 757 820 nisi
779 755 878 833 fallor,
906 755 1005 821 Merui
1027 761 1122 820 vetat.
1167 755 1248 832 Quid

222 863 325 928 enim?
348 881 495 926 senemne
518 861 707 928 Frontonem
724 859 802 924 mire
822 859 889 920 iam
906 863 1005 923 toturn
1023 877 1149 938 epnero
1165 857 1249 922 dici?

222 962 335 1030 Restnt
357 970 393 1029 ut
416 964 565 1030 emendes
588 961 731 1046 mirifice,
755 963 838 1044 quod
860 962 1045 1028 vocabulum
1069 963 1151 1043 apud
1168 961 1247 1025 Mur-

224 1088 293 1134 cum
316 1068 376 1132 IlI.
402 1069 441 1130 14
462 1087 534 1149 pag.
558 1068 609 1147 52,
633 1068 651 1130 2
674 1066 841 1132 invenitur.
893 1066 980 1144 Quae
1007 1084 1077 1130 eum
1110 1067 1155 1129 ite
1178 1066 1248 1143 sint,

221 1173 401 1236 universum
430 1172 530 1237 locum
553 1173 601 1236 ite
629 1171 858 1236 restituendum
880 1186 1007 1235 censeo:
1040 1168 1124 1231 Peto
1153 1180 1250 1230 rorum

222 1274 382 1358 descripsi.
433 1273 521 1350 Quid
549 1273 783 1359 epo-fecerun,
815 1297 906 1358 quom
936 1285 1032 1337 toturn
1061 1295 1098 1335 ee
1118 1270 1265 1352 mirifice.

223 1380 321 1442 tolum
336 1400 477 1441 amarem
492 1375 643 1440 hominem
656 1378 768 1441 bonurn
777 1378 818 1460 52¹¹)
840 1379 946 1467 Pergit
958 1378 1093 1448 Marcus,
1106 1381 1249 1456 utsupra

222 1482 295 1559 dixi,
317 1482 348 1544 in
371 1481 523 1546 vocabulo
548 1491 632 1543 toros
654 1481 772 1561 ludere,
801 1500 933 1562 cumque
956 1499 989 1544 se
1011 1483 1112 1544 totum
1134 1478 1248 1542 librum

223 1585 427 1666 descripsisse
456 1583 668 1663 adfirmasset,
706 1585 789 1666 quod
821 1589 921 1648 totum
949 1583 1106 1649 hominem
1134 1582 1249 1673 bonum
1315 1667 1316 1670 Ἴ

226 1692 364 1766 amaret,
394 1687 525 1751 eundem
553 1685 681 1751 mirifice
703 1691 803 1752 toturn
827 1703 896 1751 esse
919 1686 994 1750 dicit
1016 1685 1124 1750 eedem
1154 1683 1250 1763 signi-

222 1790 384 1864 ficatione,
415 1808 477 1870 que
500 1788 609 1853 Cicero
637 1789 669 1852 in
696 1789 823 1871 Timaeo
847 1788 865 1852 5
897 1788 1013 1852 utitur:
1043 1786 1124 1848 lenire
1150 1786 1250 1870 ἐρίων

221 1893 376 1956 rationem
405 1890 530 1974 effector
557 1889 668 1954 ennodi
687 1889 870 1976 moliturque
893 1889 980 1967 deuo,
1002 1903 1037 1954 ut
1058 1913 1155 1953 unone
1171 1911 1251 1972 opus

223 2008 321 2058 toturn
345 2007 439 2078 alque
456 1990 639 2078 perfeetum
662 2015 700 2057 ece
722 1994 866 2062 omnibns
890 1994 1078 2077 tetre-alque
1094 1990 1250 2077 perfectis

222 2097 445 2176 absolveretur,
469 2093 554 2180 quod
574 2096 663 2160 omni
681 2097 787 2160 morbo
799 2097 918 2160 seniove
934 2109 1063 2161 careret.
1086 2090 1250 2160 Hominem

222 2206 327 2266 autem
362 2201 478 2264 bonum
506 2199 590 2263 haud
626 2199 689 2264 scio
713 2218 759 2267 ,an
788 2205 945 2286 oratorem
974 2200 1164 2264 Frontonem
1192 2215 1251 2278 per
1306 2204 1308 2209 ’

221 2303 389 2368 blanditias
417 2301 501 2366 dicat
524 2320 561 2366 ex
585 2300 765 2366 definitione
786 2301 840 2366 ille
856 2302 1029 2367 Catoniana
1052 2301 1103 2382 (cf.
1121 2299 1250 2365 Catonis

222 2404 369 2486 reliquias
395 2405 442 2468 ed.
467 2405 586 2469 Jordan
617 2417 690 2483 pag.
708 2403 783 2485 80),
806 2422 898 2486 quam
915 2392 986 2486 ipse
998 2405 1116 2468 Fronto
1138 2403 1251 2467 exscri-

221 2508 285 2590 psit
310 2509 349 2572 nd
367 2505 484 2572 Verum
500 2508 727 2588 Imperatorem
743 2507 784 2571 ΙΙ.
800 2509 815 2569 1
839 2528 909 2590 peg.
928 2508 998 2584 121,
1015 2509 1065 2571 21.
1090 2508 1252 2590 Superest,

135 2663 137 2668 .
222 2616 258 2674 ut
281 2631 353 2694 erpo
384 2615 508 2693 oropo,
541 2607 627 2692 qood,
653 2614 685 2673 et
707 2633 798 2693 quom
826 2611 891 2675 sive
922 2630 940 2675 a
963 2611 1090 2675 librario
1121 2609 1250 2688 antiquo

222 2704 289 2779 sive
322 2714 363 2777 eb
396 2712 572 2783 hominibus
601 2712 717 2790 doctis,
751 2713 804 2793 qni
833 2714 969 2779 codicem
997 2714 1183 2796 rescriptum
1205 2713 1252 2777 in-

223 2819 405 2895 spexerunt,
436 2814 573 2886 confuse,
595 2833 664 2880 esse
692 2833 928 2881 commemorem
958 2816 1009 2899 (cf.
1040 2834 1111 2898 pag,
1137 2816 1186 2895 18,
1215 2816 1250 2894 23

225 2919 295 2998 127,
321 2919 376 2996 193
399 2918 450 2998 69,
475 2917 538 2999 10).

295 3090 314 3157 ¹)
332 3088 447 3155 Namque
465 3089 533 3156 quod
552 3088 577 3138 in
596 3090 711 3156 margine
729 3091 837 3155 saepius
849 3088 913 3139 mire
925 3089 1020 3156 legitur
1034 3088 1122 3157 (pagg.
1134 3090 1179 3166 99,Ι
1191 3089 1250 3149 152,
1320 3071 1322 3075 .

227 3176 283 3236 188,
303 3175 354 3230 235
374 3174 451 3240 cett),
470 3174 534 3224 nihil
552 3191 619 3225 euro.

292 3277 318 3342 ¹¹)
332 3276 429 3340 [immo
440 3293 497 3326 eum
507 3277 533 3326 in
546 3276 638 3338 codiee,
651 3295 734 3344 quem,
746 3277 805 3328 dum
816 3277 832 3328 J
835 3278 934 3344 uppiter
943 3278 1054 3329 Pluvius
1064 3285 1162 3344 regnat,
1173 3278 1251 3329 obiter
1326 3326 1329 3331 .

223 3363 335 3428 inspexi,
358 3361 724 3415 nominenumine...
744 3363 1017 3414 rornMnMAnnM
1034 3400 1040 3413 .
1060 3401 1067 3415 .
1085 3363 1252 3414 HOMINEM

223 3449 343 3501 BONUM
362 3456 443 3500 extare
461 3450 543 3500 risum
562 3449 611 3509 sit,
631 3446 697 3512 quod
716 3455 794 3499 totum
812 3448 941 3509 admirer,
960 3448 1028 3514 quod
1045 3456 1122 3499 lotum
1141 3465 1252 3500 amorem

224 3532 246 3606 le
264 3533 387 3584 hominene
407 3534 498 3584 bonum
516 3535 556 3586 rel
578 3534 686 3585 similem
705 3534 839 3585 lectionem
858 3535 884 3585 in
902 3535 1051 3586 membrana
1068 3534 1169 3586 latitare
1187 3551 1250 3586 oon-

224 3612 296 3682 ¹eias3
321 3636 396 3685 quam
423 3619 459 3671 ita
481 3637 503 3671 e.
523 3637 547 3686 g.
567 3619 636 3670 sacili
654 3622 756 3686 negotio
780 3637 837 3671 eum
861 3627 905 3671 tua
930 3622 961 3671 de
984 3620 1104 3671 hocloco
1124 3622 1250 3672 sententia

224 3705 366 3757 consociare
397 3706 493 3771 possis,
524 3713 554 3756 ut
581 3704 729 3755 admirarer
758 3714 784 3758 et
807 3707 846 3757 bis
879 3722 952 3769 quom
977 3705 1161 3756 restituendum
1194 3724 1264 3772 esse¹

225 3807 338 3842 censeas.
373 3790 491 3842 Attamen
517 3791 639 3842 iudicium
664 3792 696 3842 de
720 3793 776 3843 eius
800 3791 869 3843 modi
894 3791 956 3842 loeis
975 3791 1176 3843 eonferendum
1195 3810 1251 3844 asae

230 3877 314 3938 eredo,
334 3876 480 3943 priusquam
498 3877 571 3928 noris
584 3877 777 3928 medioamentia
792 3877 923 3929 evanidam
936 3879 1085 3945 scripturam
1102 3877 1251 3929 resus'oitare

224 3955 330 4014 licuerit.
368 3963 477 4028 STUD]
