2954 4980
716 245 756 307 98

233 431 360 511 recepit,
375 431 499 511 probari
522 432 669 512 potuerit,
686 433 801 496 neseio.
836 432 945 513 Neque
963 433 1042 496 enim
1059 434 1179 498 simiam
1196 438 1250 498 aut

225 532 347 612 volpem
365 533 490 613 Apelles
513 551 650 614 unquam
671 534 781 614 pinxit,
806 540 838 599 et
861 537 927 615 ipse
950 537 1122 616 particulae
1146 549 1175 598 et
1196 556 1250 617 po-

225 635 297 698 sitio
321 634 487 717 (debuerat
509 637 589 699 enim
613 648 642 726 er
666 635 815 698 leoiooloe
839 637 969 719 hestiae)
993 643 1024 703 et
1047 638 1130 720 quod
1149 639 1248 720 sequi-

225 741 277 802 tur
300 735 444 816 adderet,
468 744 504 802 ut
525 738 583 803 feci
604 740 831 804 emendandum
855 760 923 805 esse
946 744 1067 806 docent.

327 843 363 906 In
387 843 521 923 epistula
544 840 590 905 ad
602 843 748 906 Marcam
767 841 934 907 Caesarem
948 845 977 908 I.
1001 848 1024 909 8
1044 871 1118 931 pap.
1136 850 1185 925 23,
1211 849 1247 909 11

225 943 311 1009 loeus
340 951 389 1010 est
420 948 656 1012 vexatissimus:
696 947 763 1012 Pro
793 948 957 1013 Polemone
992 949 1132 1029 rhetore,
1162 973 1251 1035 qoem

225 1049 308 1112 mite·
335 1063 369 1112 tu
399 1052 431 1113 in
467 1051 603 1134 epistula
638 1065 694 1114 tao
710 1053 860 1136 prouehere
883 1052 1052 1116 exhibuisti
1073 1053 1250 1129 tullianam,

225 1176 279 1238 epo
306 1154 339 1216 iu
366 1156 518 1234 oratione,
548 1179 643 1239 quom
675 1157 708 1218 r'n
731 1169 842 1219 senatu
863 1157 1005 1235 reoirooe',
1028 1155 1252 1239 philosophum

224 1255 365 1338 reddidi,
391 1259 459 1320 rae'so'
482 1281 530 1322 nee
553 1260 657 1344 opinio
678 1259 786 1345 follit,
810 1262 1011 1345 peratte'eum.
1059 1260 1094 1323 In
1118 1259 1251 1341 epistula

224 1361 375 1441 quadam,
420 1381 500 1444 quae
529 1383 611 1428 nune
639 1364 763 1444 quidem
794 1364 865 1428 libri
893 1363 1022 1428 secundi
1056 1363 1164 1444 quinta
1193 1369 1250 1441 est,

225 1464 351 1528 Marcus
368 1470 566 1544 exposuerat,
591 1467 693 1547 qualis
707 1467 832 1531 Polemo
849 1468 957 1531 rhetor
974 1466 1162 1547 Smyrnaeus
1184 1473 1250 1530 tum

225 1564 444 1630 celeberrimus
469 1566 522 1650 (de
545 1586 607 1647 quo
625 1568 812 1634 conferenda
834 1574 927 1647 sunt,
940 1586 1021 1648 quae
1037 1569 1116 1633 Lud.
1133 1569 1251 1633 Preller

224 1671 255 1734 in
285 1669 461 1734 Polemonis
493 1671 671 1752 periegetae
708 1671 892 1752 fragmentis
921 1690 990 1752 pag.
1022 1671 1041 1735 5
1071 1671 1250 1752 congessit),

225 1790 316 1852 quem
348 1773 561 1852 disputantem
588 1774 749 1848 andierat,
788 1775 847 1839 sibi
877 1776 962 1839 visus
992 1779 1076 1840 esset
1105 1790 1248 1852 eumque,

224 1875 269 1938 ita
290 1875 483 1952 laudaverat,
508 1881 544 1939 ut
566 1875 722 1942 hominem
748 1879 867 1943 diceret
889 1876 1139 1942 sollertissimum
1162 1878 1252 1941 uber-

224 1977 371 2058 rimaque
383 1978 507 2058 ingenio
523 1980 714 2058 praeditum3
739 1979 848 2045 deesse
863 1984 967 2044 tamen
982 1980 1010 2044 ei
1026 1999 1063 2043 ea
1078 1980 1155 2060 ipsa,
1171 1997 1251 2059 quae

226 2079 346 2144 Fronto
369 2082 456 2146 sein
480 2082 521 2145 M.
546 2082 645 2146 Tullio
669 2083 854 2146 desiderare
870 2083 909 2146 ad
926 2082 1066 2147 Marcum
1085 2080 1250 2146 Gaesarem

225 2181 279 2245 IV.
296 2182 315 2245 3
336 2181 433 2246 libere
448 2182 581 2248 fateturt
605 2183 681 2247 nihil
694 2183 857 2265 insperati,
872 2182 946 2247 nihil
962 2183 1124 2264 inopinati,
1140 2200 1251 2263 parum

225 2285 422 2349 amoenitatis
458 2284 491 2347 in
527 2284 693 2350 Polemone
721 2286 806 2365 esse,
843 2292 918 2366 apta
946 2286 1071 2365 quidem
1095 2284 1198 2348 omnia
1221 2289 1253 2349 et

227 2404 307 2467 quae
324 2391 355 2450 te
376 2387 506 2450 laudare
522 2393 674 2467 oporteat,
698 2407 805 2452 amare
820 2407 880 2452 non
898 2388 1003 2452 libeat.
1042 2386 1119 2453 Inde
1133 2388 1251 2452 Fronto

227 2490 425 2555 Polemonem
455 2489 619 2556 tullianum
657 2510 676 2554 a
706 2491 857 2573 discipulo
882 2491 1054 2556 exhibitum
1077 2509 1146 2555 esse
1166 2491 1250 2555 dicit.

225 2593 354 2674 Iamque
377 2595 413 2656 ut
435 2610 493 2672 par
513 2594 582 2674 pari
604 2594 745 2667 referret,
773 2596 944 2660 orationem
967 2595 1135 2674 quandam,
1158 2611 1252 2674 quam

224 2697 256 2760 in
279 2702 390 2762 senatu
413 2699 614 2773 recitaverat,
645 2699 729 2763 unde
760 2697 957 2784 ἐπιδεικτικὴν
979 2688 1076 2762 fuisse
1100 2695 1252 2777 sequitur,

224 2800 324 2874 misit,
352 2800 384 2863 in
418 2818 479 2880 qua
501 2799 698 2866 Polemonem
722 2800 808 2864 illum
831 2801 1049 2882 philosophum
1070 2818 1252 2865 commemo-

223 2907 365 2981 raverat,
410 2903 463 2984 qui
507 2922 577 2968 eum
617 2904 825 2967 Xenocratem
863 2903 1075 2968 academicum
1121 2901 1252 2966 Athenis

225 3006 436 3088 disputantem
470 3006 655 3084 audivisset,
692 3004 859 3070 libidinosa
891 3007 973 3081 vita,
1007 3023 1100 3085 quam
1135 3008 1252 3084 egerat,

224 3108 343 3183 relicta,
368 3109 460 3174 homo
484 3108 568 3190 frugi
591 3107 693 3172 faetus
715 3113 816 3173 totum
839 3127 873 3174 se
893 3108 1106 3190 philosophiae
1123 3108 1255 3172 dederat

223 3200 276 3281 (ef.
302 3211 405 3275 Valer.
430 3211 512 3274 Max.
536 3209 591 3274 VI.
616 3212 645 3288 9,
671 3211 686 3272 1
715 3219 746 3275 et
768 3228 850 3290 quae
872 3211 914 3275 ibi
937 3210 1044 3274 attulit
1066 3207 1251 3290 llempfius).

223 3313 321 3391 Quem
345 3332 400 3378 eur
416 3313 620 3398 peractionem,
644 3332 738 3394 quam
762 3331 867 3378 vocem
890 3331 1002 3393 parum
1025 3333 1044 3376 a
1067 3332 1101 3378 se
1116 3311 1254 3391 intellegi

222 3416 366 3480 Nuberus
389 3414 564 3494 confitetur,
592 3415 683 3489 dieat,
713 3435 751 3480 ex
780 3415 879 3496 ipsius
901 3415 1068 3480 Frontonis
1091 3415 1130 3478 de
1153 3414 1252 3494 philo·

223 3518 329 3597 sophis
361 3517 490 3593 iudicio,
519 3519 579 3581 nisi
606 3517 710 3596 fallor,
741 3518 1101 3600 interpretandum'erit.
1149 3518 1254 3598 Atque

223 3622 263 3686 ad
286 3621 478 3686 Antoninum
502 3622 541 3686 de
564 3622 743 3701 eloquentia
755 3641 784 3704 p.
800 3622 860 3686 143
884 3621 978 3685 nimia
1000 3620 1069 3684 ihos
1093 3625 1252 3701 appetere,

222 3724 359 3790 humana
393 3742 542 3805 spernere
577 3743 634 3807 per
663 3725 839 3788 irrisionem
872 3724 962 3802 dicit,
1000 3720 1148 3788 mirificos
1178 3739 1253 3786 sane

222 3827 380 3905 heminae,
409 3827 462 3907 qui
491 3845 563 3891 eum
592 3845 706 3908 magna
735 3826 921 3906 loquantur,
953 3844 1018 3891 rem
1053 3829 1250 3907 praesentem

222 3929 483 4011 praetervideant,
511 3947 635 3994 sensum
660 3947 856 3994 communem
880 3933 1080 3993 contemnant
1099 3926 1152 4010 (ad
1171 3924 1251 3989 Ami·
