2954 4980
721 219 740 282 8

221 404 411 477 membranis
434 393 538 472 denuo
564 403 730 488 descriptis
753 425 881 488 operam
912 424 1002 471 suam
1029 408 1062 472 in
1084 408 1243 472 Frontone

222 507 418 573 restituendo
443 507 592 575 conlocet.
624 505 686 572 Sed
700 506 829 574 Nabero
851 514 887 574 ut
901 508 1109 577 naumurum
1132 508 1245 575 debeat

224 609 391 696 Frontonis
418 608 604 689 emendatio,
627 609 708 674 duae
723 614 831 676 tamen·
849 627 901 674 res
924 611 1088 690 debentur,
1110 611 1245 690 primurn
1352 660 1353 663 ,

228 710 313 795 quod
346 709 483 791 singulas
523 710 596 781 libri
628 710 822 793 palimpsesti
860 711 993 778 schedas
1033 711 1144 780 melius
1184 713 1244 778 dis·

224 812 347 903 posuit,
365 815 432 878 tum
448 812 532 894 quod
547 813 699 878 abstinuit
714 813 754 878 ab
769 813 963 887 infructuosa
978 815 1033 879 illa
1047 815 1244 896 popularium
1311 859 1315 868 .

224 925 353 993 suorum
384 915 488 980 omnia
516 915 653 981 novandi
680 916 799 991 studim
834 935 892 982 nec
923 916 1037 990 desunt
1064 936 1145 998 quae
1166 916 1246 980 bene
1358 1002 1361 1006 Α

227 1016 441 1092 emendarisse
456 1017 606 1082 dicendus
623 1017 673 1082 sit.
704 1019 741 1082 In
758 1017 845 1083 ouius
860 1018 963 1086 laudis
979 1024 1100 1098 partem
1116 1015 1246 1084 veniunt

225 1126 259 1188 et
275 1121 312 1192 G,
336 1120 374 1184 N.
398 1121 441 1185 du
463 1121 544 1187 Rieu
567 1125 599 1185 et
620 1119 705 1187 Frid.
730 1120 809 1201 Aug.
826 1120 999 1198 Eckstein,
1016 1122 1069 1203 qui
1091 1139 1163 1187 curn
1185 1120 1248 1201 pri·

225 1239 347 1306 morum
363 1221 598 1303 typothetarum
611 1222 815 1305 specimiuurn
827 1224 1091 1293 emundandorum
1108 1223 1246 1288 laborem

226 1325 310 1392 ultro
325 1324 525 1407 suscepisset
546 1344 609 1394 non
632 1327 734 1391 solum
748 1326 947 1393 librariorum
964 1325 1174 1407 Lipsiensium
1192 1323 1248 1391 sed

224 1427 275 1513 bio
301 1425 365 1491 illic
387 1426 482 1500 etiam
511 1427 632 1507 antiqui
661 1429 780 1495 librarii
809 1429 922 1498 menda
951 1427 1103 1498 correxit„
1140 1428 1248 1499 Pauca

226 1529 321 1596 etiam
342 1531 415 1610 post
436 1528 628 1595 Frontonem
650 1547 669 1593 a
689 1529 814 1595 Nabero
839 1531 956 1600 editum
979 1531 1133 1598 Ernestus
1160 1531 1252 1609 pater
1351 1519 1353 1523 ⁴

226 1649 317 1703 meus
340 1635 396 1697 aut
419 1632 596 1696 emendavit
615 1635 671 1696 aut
689 1631 868 1716 restituar)
891 1632 982 1714 plura
997 1650 1107 1697 censor
1123 1632 1250 1711 quidam

233 1731 448 1823 anonymus,²)
477 1732 621 1813 plurima,
652 1734 744 1800 modo
775 1734 908 1818 ingenio·
929 1752 1058 1814 parcere
1089 1734 1249 1811 voluisset,

184 1894 185 1897 ,
232 1835 269 1903 R.
278 1832 572 1917 EllisiusAnglus.³)
585 1835 777 1902 Graecarum
789 1837 994 1918 epistularum
1008 1837 1250 1901 extremaverba

231 1934 408 2002 restituisse
423 1935 483 2000 sibi
493 1936 579 2000 visus
595 1941 645 2001 est
658 1938 738 2004 alter
751 1939 843 2005 homo
859 1938 1016 2020 Anglus.⁴)
1039 1938 1248 2007 decesserunt

233 2057 338 2122 nuper
359 2039 397 2103 E.
414 2037 453 2102 de
468 2036 655 2118 Leutschius
663 2037 687 2122 ⁵)
710 2044 745 2115 et
765 2041 823 2107 Ad.
839 2038 1055 2122 Eussnerus.⁶)
1085 2050 1090 2058 '

329 2140 406 2204 Post
432 2138 480 2204 tot
506 2139 666 2206 hominum
695 2141 858 2207 doctorum
887 2140 993 2208 studia
1016 2161 1071 2208 our
1094 2159 1151 2223 ego
1176 2159 1252 2223 quo-

229 2261 289 2326 que
311 2240 387 2322 quid
409 2240 444 2304 in
467 2241 660 2306 emendando
684 2242 845 2319 Frontone
873 2249 1035 2324 praestare
1057 2244 1173 2326 possim
1199 2262 1251 2307 ex-

229 2343 325 2432 periri
347 2342 559 2424 sustinuerim,
588 2361 700 2424 caussa
723 2363 785 2411 non
808 2345 910 2425 magis
936 2345 969 2415 in
991 2364 1041 2410 me
1063 2346 1131 2426 ipso
1156 2363 1251 2426 quam

232 2445 264 2511 in
279 2445 439 2520 Frontone
460 2446 591 2528 eiusque
612 2445 721 2517 amicis
745 2447 809 2530 sita
830 2450 887 2512 ost.
921 2447 1086 2529 Epistulae
1108 2438 1251 2513 enim'en

231 2547 390 2621 codicibus
405 2549 567 2630 rescriptis
583 2553 692 2615 erutae
708 2548 826 2614 nullam
841 2547 958 2615 habent
974 2569 1076 2632 neque
1092 2550 1132 2622 ab
1148 2548 1249 2615 erudi-

232 2651 317 2719 tione
330 2668 432 2732 neqne
447 2652 487 2717 ab
499 2652 655 2733 elegantia
667 2652 981 2726 commendationem
997 2652 1132 2732 scriptae
1145 2657 1252 2720 autern

231 2758 305 2820 sunt
338 2753 505 2823 maximam
537 2757 660 2834 partem
689 2759 745 2820 aut
773 2772 793 2819 a
822 2754 973 2835 magistro
1008 2751 1049 2818 ad
1083 2753 1251 2832 discipulos

230 2852 482 2922 adulescentulos
505 2859 562 2920 aut
583 2875 602 2923 a
623 2855 784 2935 discipulis
799 2855 839 2921 ad
855 2857 1049 2936 magistrum,
1064 2873 1166 2937 noque
1181 2873 1251 2926 cou-

232 2958 358 3039 spiouae
380 2974 437 3022 eae
459 2962 515 3023 ant
536 2975 650 3039 magna
678 2977 783 3027 rerum
806 2957 959 3024 varietate
986 2962 1043 3023 aut
1066 2957 1185 3039 egregii
1205 2958 1253 3022 in-

231 3059 315 3145 genii
337 3058 539 3139 sublimitate,
568 3065 606 3124 ut
628 3059 706 3124 satis
728 3063 822 3141 aptae
850 3059 992 3140 satisque
1022 3059 1134 3140 dignae
1165 3059 1250 3123 visae

232 3160 308 3227 mibi
329 3160 454 3239 luerint,
483 3161 516 3226 in
538 3161 651 3243 quibus
677 3161 879 3228 emendandis
905 3161 1006 3242 prima
1028 3159 1183 3242 stipendia
1205 3157 1249 3222 f-

301 3364 323 3435 ¹)
340 3366 368 3416 in
387 3363 479 3419 Philol.
497 3364 603 3421 XXVII.
621 3366 679 3421 240.

300 3450 323 3518 2)
340 3451 366 3501 in
385 3450 467 3502 indice
484 3451 574 3518 philol.
591 3451 764 3509 Lautachiano
783 3451 802 3504 Ι.
823 3452 864 3507 60.
1010 3487 1013 3491 -
1199 3504 1202 3508 Α

300 3535 322 3602 ³)
339 3535 364 3586 in
381 3534 470 3586 Dianio
487 3536 608 3602 Anglioo:
629 3534 732 3586 Ioumal
750 3535 779 3596 ol
793 3534 930 3604 Philology
947 3535 967 3587 Ι.
987 3536 1095 3593 15-20.

300 3623 323 3688 ι)
339 3621 512 3674 Wordsworth
530 3623 556 3672 in
574 3621 663 3673 codam
680 3621 765 3673 Diario
782 3611 802 3672 E
822 3623 879 3677 160.
933 3680 935 3683 ,
1007 3656 1010 3663 ·

303 3706 372 3775 ⁸)-in
384 3706 478 3759 Philol.
495 3705 578 3764 XXX.
594 3708 649 3762 176.
694 3726 701 3751 ²-

301 3791 323 3860 ⁸)
342 3792 368 3843 in
387 3809 452 3854 mus,
469 3792 539 3851 rheu.
557 3791 873 3856 uor.XXV.141-14'l=.
890 3791 1023 3850 Frontonis
1041 3798 1067 3844 et
1084 3790 1120 3846 M.
1135 3790 1255 3845 caesaria

234 3877 400 3945 epistularum
418 3877 618 3935 emendationes.
