2954 4980
723 220 741 283 6

225 410 288 475 fert
309 411 352 474 M.
369 409 536 492 Hauptius‚
564 408 617 492 qui
640 409 790 492 plurimos
816 410 902 475 locos
925 407 1154 472 Frontonianos
1177 406 1245 472 feli-

225 512 349 589 cissimo
373 512 498 595 ingenio
521 512 703 594 restituit.¹)

328 612 431 694 Atque
463 614 502 678 hi.
529 615 653 696 quidem
686 612 826 678 homines
859 612 1031 679 doctissimi
1065 630 1171 676 omncs
1206 611 1247 676 de

93 698 100 707 ’
133 759 137 772 ·-
226 717 418 784 emendando
453 717 612 783 Frontone
648 720 830 783 meruerunt
865 715 982 780 nullius
1017 715 1077 780 nisi
1110 713 1246 778 Maianis

226 821 413 887 editionibus
444 821 552 887 adiuti.
597 821 729 899 Primus,
764 819 848 899 quod
882 819 987 895 sciam,
1020 821 1092 898 post
1116 816 1245 879 'Maium

224 924 347 990 codices
360 924 445 1006 ipsos
461 924 573 990 iterum
590 924 725 1006 inspexit
738 923 830 987 borno
843 923 981 987 Batavus
997 921 1034 985 G.
1045 917 1086 983 N.
1100 920 1142 983 du
1153 916 1244 983 Rieu.

227 1027 286 1106 Qui
313 1047 383 1094 cum
406 1030 438 1093 in
460 1029 571 1094 itinere
593 1027 701 1092 Italico
729 1044 799 1092 cum
828 1026 905 1090 alios
935 1025 1057 1090 codices
1074 1022 1245 1102 rescriptos

225 1134 292 1194 tum
314 1131 371 1195 hos
387 1129 615 1194 Frontonianos
635 1130 749 1194 iterum
771 1127 964 1206 contulisset,
989 1127 1115 1191 domum
1139 1129 1246 1191 autem

224 1231 323 1297 redux
344 1231 446 1297 factus
461 1232 595 1314 negotiis
611 1230 744 1314 publicis
760 1231 972 1306 distineretur,
997 1227 1163 1310 quominus
1178 1227 1246 1307 ipse

225 1352 336 1400 novom
360 1335 480 1400 romani
496 1336 632 1401 rhetoris
649 1335 815 1400 editionem
831 1334 1000 1399 adornaret
1015 1350 1152 1414 opesque
1171 1348 1246 1425 suas

225 1456 296 1504 cum
324 1438 500 1503 hominibus
531 1438 631 1504 doctis
662 1438 914 1515 communicaret,
950 1436 1063 1513 variae,
1098 1452 1176 1516 quas
1206 1453 1244 1499 ex

225 1540 316 1604 Italia
337 1542 513 1622 rettulerat,
536 1540 684 1606 lectiones
708 1539 844 1605 Samueli
868 1540 1005 1605 Adriano
1028 1539 1152 1605 Nabero
1175 1542 1239 1602 tra·
1304 1542 1312 1552 “

224 1643 313 1724 didit,
343 1643 395 1724 qui
418 1644 513 1710 libros
535 1644 763 1717 Frontonianae
791 1643 893 1708 denuo
916 1642 1052 1708 edendos
1075 1639 1242 1722 curavit.²)

154 1778 157 1787 ·
225 1745 284 1824 Qui
313 1747 456 1827 quamvis
484 1766 548 1812 rem
581 1747 746 1829 diligenter
768 1764 844 1812 sane
867 1749 899 1810 et
921 1749 1049 1810 strenue
1071 1745 1179 1826 egerit,
1209 1747 1268 1809 ut.
1354 1720 1360 1731 ⁸

224 1847 352 1912 tandem
373 1846 540 1928 aliquando
552 1849 663 1913 melius
683 1850 873 1930 certiusque,
897 1866 989 1930 quarn
1005 1852 1077 1928 post
1092 1846 1245 1911 editiones

118 2007 120 2009 ,
224 1950 365 2014 Maianas
402 1949 548 2028 licuerat,
586 1949 753 2032 adpareat,
791 1967 872 2030 quae
909 1951 950 2014 sit
993 1949 1245 2014 membranarum

224 2050 347 2115 illarum
374 2052 515 2117 condicio
544 2052 681 2134 quidque
709 2052 741 2116 in
770 2051 929 2118 codicibus
957 2069 1066 2115 revera
1094 2051 1244 2131 scriptum

223 2153 274 2232 sit,
298 2154 372 2233 quid
389 2172 463 2233 non,
486 2155 595 2219 relicta
610 2160 714 2220 tamen
738 2159 812 2219 sunt
834 2153 918 2218 baud
942 2171 1051 2235 pauca,
1075 2170 1155 2233 quae
1173 2157 1245 2232 post

223 2257 308 2337 ipsas
332 2256 564 2322 duumvirorum
589 2277 680 2322 curas
696 2257 854 2322 offendant
868 2258 1079 2338 lectoremque
1094 2274 1155 2319 non
1172 2272 1243 2320 raro

178 2432 185 2441 .
223 2363 385 2422 morentur
413 2365 445 2424 et
474 2358 554 2424 male
585 2359 730 2425 habeant.
777 2360 879 2438 Atque
901 2358 1037 2439 primum
1061 2357 1185 2438 quidem
1209 2363 1245 2422 ut

224 2461 361 2525 omnium
399 2461 541 2527 codicum
578 2462 800 2541 rescriptorum
838 2456 929 2526 lectio
967 2458 1158 2539 perdifficilis
1197 2466 1245 2525 est

223 2582 324 2644 neque
359 2582 440 2646 quae
474 2565 505 2629 in
540 2566 584 2630 eis
615 2565 714 2630 latent
743 2564 803 2628 nisi
829 2564 964 2645 repetita
993 2565 1243 2646 perscrutatione
1322 2566 1325 2572 '

163 2670 165 2674 ‘
223 2671 391 2746 eruuntur,
420 2667 451 2732 id
476 2668 558 2750 quod
586 2668 635 2733 vel
656 2673 728 2749 post
748 2667 997 2750 religiosissimas
1015 2665 1243 2732 Ritschelianas

223 2770 254 2833 in
282 2767 395 2835 Plauto
427 2771 632 2836 Ambrosiano
666 2789 757 2836 curas
789 2784 869 2834 nova
901 2768 1109 2835 Studemundi
1140 2769 1245 2834 studia

224 2872 400 2937 docuerunt
421 2879 453 2938 et
475 2879 547 2953 post
561 2868 675 2939 Batavi
691 2872 728 2938 G.
745 2872 783 2937 N.
801 2873 843 2937 du
859 2873 938 2938 Rieu
957 2872 1034 2938 illud
1049 2872 1245 2952 undeviginti

224 2994 241 3040 e
263 2976 351 3040 libris
375 2977 413 3042 de
437 2975 832 3058 republica-Ciceronianis
863 2971 999 3058 capitum
1029 2975 1243 3057 apographum

187 3150 189 3154 ,
222 3077 395 3144 Detlefseni
408 3098 503 3161 opera
520 3079 693 3146 confectum
711 3079 933 3160 comprobavit,
949 3078 993 3142 ita
1008 3078 1039 3141 in
1052 3077 1157 3142 codice
1172 3074 1244 3140 Arn-

108 3226 118 3239 ,,
224 3179 370 3244 brosiano
387 3181 496 3261 Angcli
514 3182 578 3245 Mai
602 3200 683 3263 quae
700 3186 768 3244 tum
785 3184 854 3245 erat
870 3180 1078 3245 curandorum
1094 3179 1244 3244 librorum

223 3281 444 3364 rescriptorum
467 3283 588 3349 incuria
611 3283 688 3348 adeo
712 3288 857 3369 grassata
880 3289 938 3360 est,
966 3282 1086 3346 utiam
1109 3281 1243 3362 plurima

223 3383 350 3449 venenis
367 3385 471 3450 deleta
487 3385 550 3468 legi
565 3404 626 3450 non
645 3387 775 3465 possint.
800 3384 1016 3450 ‘Nihilominus
1039 3385 1071 3448 in
1093 3384 1143 3448 his
1166 3383 1242 3465 ipsis

223 3485 346 3551 schedis
376 3487 589 3557 Ambrosicnis
622 3488 737 3552 iterum
757 3474 960 3561 ‘conterendis
990 3486 1055 3553 fere
1084 3486 1243 3566 acquievit

223 3587 306 3653 docti
321 3588 454 3654 hominis
469 3590 580 3655 Batavi
597 3591 769 3672 diligentia,
792 3591 838 3656 ita
859 3596 896 3656 ut
914 3578 1013 3655 multa
1033 3589 1149 3655 certius
1169 3607 1242 3654 con·

294 3830 315 3894 ¹)
333 3831 360 3881 in
378 3830 464 3882 indice
482 3831 617 3882 lectionum
635 3831 838 3883 Berolinensium
855 3829 916 3881 cnni
935 3829 1009 3884 1867.

291 3913 313 3980 ²)
331 3915 434 3983 Lipsiae
450 3915 673 3968 Mbcccbxvn.
