2924 4956
716 257 750 317 11

228 443 308 506 enim
333 443 470 508 eontinet
492 442 631 520 Marous;
657 442 799 507 dicturus
822 446 906 506 erat:
929 463 1008 504 ome
1022 440 1173 503 miserum
1195 441 1245 504 vel

226 546 289 609 tale
304 545 387 624 quid,
411 550 448 610 ut
470 546 661 627 aposiopesis
686 546 853 611 statuenda
876 546 926 610 sit.
963 544 1144 609 Simillimus
1158 544 1245 610 loeus

226 651 275 710 est
298 644 343 707 ed
362 645 408 709 M.
436 645 603 711 Caesarem
626 648 678 712 IV.
704 649 732 726 7,
760 650 829 711 vele
848 669 949 709 meum
970 683 1013 693 —
1034 644 1111 732 quid
1132 643 1244 725 dicam,

226 746 384 832 qur'dqm'd
397 748 500 814 dooere
522 753 602 813 sotis
616 774 677 814 rrorr
693 750 760 813 est?
778 789 818 798 -
841 750 911 812 vole
926 771 1028 813 meum
1044 747 1244 827 desiderium,

225 851 278 931 qui
309 852 396 917 loeus
425 859 457 918 et
484 854 551 936 ipse
580 854 662 919 male
688 873 707 917 a
733 855 858 920 Nabero
887 854 1014 923 habitus
1039 858 1095 919 est.
1141 850 1245 934 Atque

225 956 359 1034 primum
396 957 520 1036 quidem
554 956 768 1022 inconstanter
799 956 883 1032 feeit,
917 956 998 1021 siout
1030 973 1180 1037 persaepe
1212 954 1245 1018 in

227 1057 456 1139 dispungendis
489 1060 652 1124 sententiis
686 1059 880 1124 intermediis
916 1059 1132 1142 (parentheses
1162 1058 1244 1140 dico)

224 1159 306 1237 feeit,
339 1160 416 1227 alios
444 1163 528 1228 locos
561 1163 653 1228 aliter
687 1163 913 1245 dispungendo.
959 1162 1039 1226 Turn
1069 1166 1174 1227 autern
1205 1180 1245 1226 ne

224 1263 371 1346 intellego
405 1265 529 1347 quidem
564 1266 765 1347 parenthesin
800 1266 893 1344 illam,
927 1265 1069 1347 quamvis
1102 1265 1245 1331 Naberus

224 1385 294 1448 pag.
319 1368 382 1431 294
416 1385 450 1433 se
482 1369 584 1433 loeurn
618 1369 709 1433 aliter
739 1374 835 1449 atque
865 1387 884 1432 a
912 1368 995 1433 Maio
1026 1365 1142 1433 factum
1176 1372 1245 1435 erat

224 1470 423 1552 dispunctum
456 1470 613 1552 integrum
647 1471 844 1552 praestitisse
874 1470 1057 1536 arbitretur.
1102 1472 1246 1537 Debebat

223 1573 334 1637 saltem
357 1571 438 1657 qm'd
459 1571 583 1636 dicam?
612 1573 772 1659 quidquid
793 1573 897 1637 dicere
919 1575 998 1638 salis
1019 1596 1080 1636 uon
1104 1587 1157 1637 est.
1204 1576 1246 1639 At

223 1695 262 1741 ne
278 1675 464 1758 sicquidem
480 1677 636 1743 salvares
652 1682 709 1742 est.
741 1678 923 1742 Absurdum
947 1678 1027 1741 enim
1051 1681 1083 1741 et
1105 1677 1244 1758 ineptum

224 1784 317 1857 esset,
346 1778 372 1842 si
395 1779 522 1843 Marcus
545 1780 698 1862 quidquid
724 1780 755 1844 in
782 1782 911 1846 buccam
933 1780 1073 1846 venisset
1097 1799 1156 1845 non
1180 1779 1244 1846 suf-

221 1881 315 1947 ficere
336 1880 519 1948 adfirmaret
541 1885 581 1949 ad
604 1902 742 1949 amorem
765 1902 855 1948 suum
881 1901 956 1964 erga
970 1883 1154 1965 magistrum
1171 1888 1244 1963 apte

222 1985 471 2066 exprimendum.
516 1985 583 2051 Hoc
605 1987 710 2067 potius
734 1986 818 2065 dicit,
841 1987 1027 2051 vocabulum
1050 1986 1144 2050 adid
1167 1986 1244 2050 satis

221 2087 366 2152 idoneum
391 2087 521 2150 inveniri
537 2106 598 2152 non
618 2107 719 2170 posse.
743 2089 830 2166 Quae
846 2106 916 2152 oum
933 2089 978 2152 ita
993 2088 1064 2166 sint,
1088 2087 1245 2152 levissima

221 2189 394 2255 mutatione
409 2189 439 2255 lo
446 2208 515 2255 oum
531 2190 576 2255 ita
591 2191 737 2256 emendo:
755 2191 831 2253 eale
845 2212 947 2254 meam
960 2228 1004 2237 —
1026 2189 1104 2274 qm'd
1119 2189 1246 2254 dicam?

224 2289 382 2376 quidquid
396 2290 540 2368 dicerem,
550 2295 639 2357 -sato‘s
654 2317 715 2357 more
731 2307 776 2357 est
791 2328 833 2341 -
848 2293 926 2357 vale.
953 2294 989 2358 In
1006 2295 1113 2375 paucis
1129 2299 1244 2372 autem,

222 2395 335 2474 quibus
358 2395 507 2461 librarius
532 2397 648 2462 codicis
672 2399 816 2479 rescripti
839 2399 940 2463 utitur
962 2399 1044 2461 notis
1068 2416 1105 2462 ea
1128 2400 1186 2475 est,
1208 2401 1245 2461 ut

222 2521 252 2558 m
285 2498 423 2564 litteram
453 2501 566 2565 lineola
592 2501 691 2566 vocali
718 2502 842 2567 litterae
873 2501 1085 2583 superscripta
1117 2500 1149 2564 in
1181 2499 1244 2566 fine

221 2620 331 2666 versus
355 2603 516 2684 significet.
723 2672 724 2676 ,
952 2593 956 2601 ’

305 2706 403 2771 Paulo
425 2713 511 2788 post:
540 2706 636 2786 Oura,
659 2707 817 2787 miserere,
841 2708 925 2772 mmai
946 2709 1162 2792 temperantia,
1188 2733 1245 2796 ap·

219 2807 367 2871 adimentia
389 2831 507 2872 omnem
531 2809 627 2873 e'stom
651 2811 712 2874 ribi
726 2834 789 2896 pro
821 2823 876 2875 luo
898 2812 1014 2875 or'rtule
1038 2811 1243 2893 tolerandam,

218 2907 296 2971 mili
317 2932 388 2973 uero
412 2911 623 2996 asperrimam
649 2914 936 2998 nequissimumque
958 2913 1170 2979 valetudinem
1193 2915 1245 2978 de·

212 3010 334 3094 pellere
356 3025 385 3075 et
409 3012 454 3077 ad
475 3037 578 3099 aquas
591 3015 836 3100 proficiscerw)
861 3028 889 3079 et
906 3016 1031 3101 quondo
1055 3030 1083 3080 et
1104 3041 1187 3082 rruae
1208 3032 1244 3083 ut

169 3186 178 3193 ⁵
218 3114 372 3179 commode
389 3140 478 3202 opas,
502 3119 573 3197 erlo,
597 3139 661 3197 oro,
679 3119 846 3204 perscribe
861 3118 940 3182 mihi
955 3133 984 3182 et
998 3134 1129 3185 merrtem
1143 3141 1244 3197 meum

217 3219 249 3279 io
259 3231 369 3302 peetus
384 3242 486 3283 meam
496 3243 619 3306 repom.
634 3221 684 3289 Sic
697 3223 792 3287 codex
805 3222 872 3288 sine
883 3223 947 3288 ulla
958 3225 1079 3289 lacuna.
1092 3226 1136 3292 Ut
1148 3228 1244 3291 verba

217 3326 362 3387 constare
378 3327 515 3402 possent,
534 3324 636 3388 Maius
650 3335 680 3385 et
694 3324 728 3384 ei
741 3322 786 3385 od
798 3347 901 3407 aquas
917 3325 1083 3404 supplevit,
1099 3327 1243 3392 Naberus

215 3423 307 3488 etad
324 3448 404 3508 quus
429 3449 532 3510 aquas
550 3425 782 3512 proflerocam's.
806 3427 985 3508 Utrumque
1001 3446 1156 3508 perverse,
1170 3447 1242 3493 nam

214 3528 400 3609 interposita
428 3530 482 3594 illa
511 3541 540 3591 er
569 3552 651 3592 nam
684 3529 777 3593 huius
812 3529 898 3593 modi
932 3530 1102 3613 quidquam
1133 3531 1243 3596 novari

283 3789 306 3853 ⁰)
336 3785 598 3854 [Pnoulclscuus
629 3789 711 3853 magis
741 3803 816 3853 quam
844 3785 1100 3839 Pltolllciscultls
1130 3787 1156 3837 in
1186 3788 1241 3841 eod.

212 3880 299 3925 extare
323 3874 437 3934 videtum
468 3873 513 3924 sed
547 3881 599 3926 tres
624 3873 729 3924 ultimae
756 3873 856 3925 litterae
880 3873 1015 3924 admodum
1042 3873 1152 3926 incertae
1177 3882 1242 3927 sunt

212 3957 320 4028 STUD.]
