2954 4980
642 293 679 356 15

215 478 360 560 Epistula
373 479 586 563 subsequenti,
600 498 681 559 quae
694 487 742 545 est
754 481 794 545 ad
807 481 849 544 Μ.
867 479 955 547 Caes.
966 483 991 545 Ι.
1003 481 1033 560 3,
1048 500 1176 562 respon·

151 582 204 645 det
227 581 345 647 Fronto
367 582 408 646 ad
431 584 530 646 Marci
553 583 728 664 epistulam,
761 582 800 647 de
822 599 885 663 qua
907 583 998 649 modo
1021 584 1093 648 dixi.
1138 582 1175 648 In

151 702 188 748 ea
217 683 351 766 epistula
378 704 449 766 pag.
474 685 503 765 5,
527 685 676 749 nilacus
705 691 753 750 est
781 686 1014 752 vexatissimus:
1049 685 1127 771 qaid
1147 687 1177 749 ai

150 786 232 849 astas
256 787 380 849 litteras
404 799 476 850 tuas
493 786 609 872 leporii,
633 786 870 871 quibaspedem
886 789 982 850 aiam
993 812 1056 874 pro
1073 789 1175 853 salute
1284 821 1286 824 >

149 888 246 970 anca¹)
270 886 406 952 advocas
425 899 454 950 et
469 887 661 972 praecario?
684 887 710 951 O
733 912 781 952 mo
804 889 951 952 beatam!
972 904 1021 955 ort
1037 939 1174 955 .......

151 989 418 1054 commendatam!
433 990 576 1054 Putasne
589 989 675 1053 allas
691 989 779 1055 dolor
788 1005 956 1077 penetrare
968 994 1049 1058 aciat
1060 1016 1175 1079 corpas

153 1105 209 1156 aut
241 1095 380 1157 animam
412 1093 536 1156 meam?
571 1117 655 1179 prae
692 1107 778 1158 tanto
812 1093 932 1180 panaro
959 1097 1173 1181 prosiluerim.
1213 1145 1217 1154 .

150 1195 251 1276 Baba,
274 1220 329 1261 nec
352 1196 439 1262 doleo
463 1198 528 1261 iam
548 1199 722 1283 quicquam.
761 1199 864 1276 Quid?
887 1200 1028 1265 Marcum
1044 1201 1175 1265 Fronto·

150 1303 199 1367 nis
221 1302 332 1385 pedem
355 1323 485 1392 aegmm
499 1304 669 1369 advocasse
684 1309 740 1368 aut
754 1309 916 1386 precatum
932 1305 1023 1370 esse?
1046 1304 1174 1368 Nullum

149 1406 304 1471 eiusmodi
325 1408 371 1472 rei
398 1409 431 1472 in
451 1407 549 1474 Marci
573 1408 686 1471 litteris
708 1408 876 1487 vestigium
899 1408 989 1472 inest.
1035 1407 1175 1472 Necesse

150 1515 255 1574 autem
278 1516 327 1574 est
348 1508 423 1575 insit
445 1510 477 1575 in
504 1510 558 1574 illa
580 1509 715 1591 epistula
732 1509 846 1588 aliquis
862 1515 918 1574 aut.
933 1509 1065 1591 aliquid,
1091 1509 1175 1591 quod

151 1611 271 1677 Caesar
292 1613 491 1678 invocaverit.
529 1612 620 1691 Quod
641 1631 711 1678 cum
734 1612 940 1677 intellexisset
962 1612 1173 1691 Eichstadius,

150 1721 222 1795 post
255 1716 406 1780 vocabula
423 1713 540 1798 pedara
564 1715 660 1776 etiarn
683 1713 800 1795 aliquid
823 1714 1020 1779 intercidisse
1043 1715 1174 1790 censuit,

150 1818 234 1900 quod
256 1820 333 1900 quid
357 1819 455 1885 fuisse
471 1819 531 1884 sibi
547 1819 693 1883 videatur
709 1819 824 1883 addere
840 1818 950 1882 noluit.
986 1816 1083 1897 Atqui
1098 1815 1175 1881 nihil

151 1919 278 1984 Marcus
307 1919 536 2000 advocaverat,
566 1940 646 2002 quae
675 1939 734 1985 vox
762 1921 933 2002 premenda
962 1925 1010 1985 est
1040 1921 1059 1982 i.
1084 1938 1111 1984 e.
1142 1919 1175 1982 in

152 2023 301 2088 auxilium
326 2023 478 2105 magistri,
502 2025 542 2089 ad
564 2024 790 2089 restituendam
814 2023 880 2088 eius
903 2023 1114 2088 valetudinem
1130 2021 1174 2085 in·

151 2131 319 2190 vocaverat
336 2133 463 2208 praeter
486 2127 570 2190 deos.
601 2125 750 2191 Similiter
765 2127 892 2190 Marcus
908 2124 965 2190 111.
987 2126 1005 2187 9
1027 2144 1099 2207 pag.
1115 2125 1174 2187 47:

152 2224 279 2290 deorum
301 2248 549 2311 unamquemque
570 2226 648 2290 milri
666 2229 745 2290 votis
768 2225 894 2291 advoca.
932 2229 1023 2293 Unde
1045 2228 1176 2309 adparet

151 2336 334 2411 corruptum
364 2348 432 2394 esse
456 2327 572 2413 pedem
606 2329 801 2395 vocabulum.
850 2331 920 2395 Jam
944 2347 1014 2393 cum
1038 2330 1176 2394 codicem

152 2434 301 2497 continua
329 2433 484 2514 scriptura
515 2438 679 2497 exaratum
708 2450 777 2497 esse
808 2436 945 2512 constet,
975 2429 1174 2498 scribendum

150 2541 226 2615 puto
261 2555 349 2618 opera
384 2533 476 2596 deora
487 2533 511 2617 ¹)
550 2534 722 2617 (opedeu).
784 2534 980 2598 simillimus.
1004 2533 1090 2599 locus
1127 2539 1176 2597 est

149 2636 315 2702 Frontonis
353 2657 423 2719 pag.
456 2637 514 2712 83,
551 2641 584 2700 9:
630 2636 697 2699 Pro
730 2636 888 2699 Faustina
927 2658 1018 2700 mane
1061 2633 1176 2700 cotidie

151 2736 224 2801 deos
254 2740 395 2824 appello:
433 2741 497 2804 saro
523 2741 606 2803 caira
634 2761 682 2802 ma
709 2763 770 2825 pro
794 2753 852 2804 tua
873 2740 977 2804 salute
1005 2752 1117 2826 optare
1139 2762 1177 2802 aa

147 2843 308 2926 praecari.
361 2845 480 2922 Quodsi
512 2851 598 2910 recte
627 2845 768 2924 restitui,
805 2845 963 2925 sequitur,
997 2849 1034 2907 ut
1067 2842 1175 2908 Hilde-

151 2945 289 3010 brandus
320 2946 360 3010 ad
392 2947 483 3027 Apul.
508 2948 582 3011 Met.
608 2949 635 3022 1,
667 2946 707 3009 23
736 2964 806 3028 pag.
832 2947 889 3009 66:
927 2957 999 3009 orta
1028 2945 1089 3007 tibi
1115 2967 1176 3008 aaa

151 3046 398 3110 commendatam
434 3055 466 3113 et
496 3048 651 3113 Machlius
686 3049 732 3131 (in
759 3048 921 3131 Philologo
949 3048 1052 3129 XVII.
1084 3048 1174 3131 177):

141 3147 372 3233 fortunatum!
392 3149 645 3215 commendatam
668 3150 808 3233 proxima
830 3152 913 3216 male
935 3151 1106 3233 explevisse
1130 3150 1175 3216 di·

150 3253 239 3318 cendi
268 3255 339 3319 sint.
374 3251 472 3320 Recto
494 3255 609 3322 iudicio
632 3253 812 3337 Schopenus
837 3254 891 3337 (II,
915 3255 948 3338 3)
972 3276 1024 3318 ora
1047 3267 1100 3318 tao
1123 3251 1175 3316 dis

218 3469 237 3535 s)
258 3468 379 3536 (nonin,
399 3471 467 3538 quod
487 3472 565 3523 codex
583 3473 649 3523 inter
667 3471 741 3522 Mna
759 3478 785 3522 et
800 3469 960 3521 ADUOOAS
979 3477 1047 3521 recte
1065 3468 1175 3531 exhibet,

149 3571 218 3606 mero
238 3573 321 3606 errore
339 3557 530 3624 typographico
549 3559 575 3606 in
589 3557 702 3607 editione
714 3555 840 3622 Lipsiensi
858 3556 977 3606 omissum
995 3562 1040 3606 est.
1065 3553 1172 3622 S'FUD.]

223 3642 242 3710 ¹)
261 3643 290 3693 Iu
316 3644 383 3694 idem
415 3643 535 3693 incidisse
567 3645 723 3693 Eussnerum
753 3651 792 3693 est
821 3641 888 3708 quod
914 3641 976 3692 mihi
1006 3642 1174 3706 congratuler.

149 3728 205 3778 Non
224 3745 326 3794 prorsus
347 3729 480 3796 indignum
503 3732 572 3796 quod
591 3731 723 3780 adnotetur
740 3731 823 3780 visum
842 3737 889 3790 est,
906 3729 987 3779 forma
1004 3727 1077 3778 decim
1091 3728 1175 3779 solum

148 3813 300 3865 Frontonem
317 3818 356 3866 uti
381 3818 442 3883 (pp.
463 3817 521 3877 113,
549 3819 597 3876 11;
624 3817 748 3877 212,11;
774 3815 832 3878 213,
850 3815 900 3873 2ος
926 3814 984 3875 229,
1003 3813 1045 3878 iia
1071 3812 1174 3863 dmm

148 3899 270 3951 Frontoni
288 3902 348 3967 (16,
369 3904 399 3955 16
425 3903 470 3954 ubi
486 3902 625 3954 Frontonis
643 3902 722 3952 verba
740 3918 756 3952 a
772 3900 860 3952 Marco
878 3899 1062 3962 exscribuntur,
1080 3899 1123 3961 23,
1141 3899 1172 3960 53

151 3988 208 4052 122,
230 3989 274 4048 10;
296 3990 353 4051 154,
374 3991 416 4050 15;
438 3992 499 4053 213,
517 3992 561 4056 20)
579 4000 605 4042 et
622 3989 707 4041 Marco
726 3990 779 4056 (41,
800 3985 842 4055 17)
862 4003 1020 4039 communem
1040 4002 1104 4039 esse.
