2924 4956
710 245 747 306 21

222 432 396 513 (voluptate
427 438 505 514 puta
533 434 581 497 vel
611 435 673 499 tale
703 434 791 516 quid)
823 435 971 498 omissum
1002 453 1070 498 osse
1093 436 1151 498 sibi
1174 455 1241 517 per·

220 537 362 624 suaserit.
399 537 485 601 Nihil
508 540 621 604 minus.
662 542 739 606 Cum
764 543 844 607 enim
867 543 936 624 ipsa
955 543 1009 607 illa
1030 561 1111 623 quae
1134 560 1242 609 secun-

221 646 272 702 tur
294 638 477 703 diminutiva
487 640 510 722 ¹)
535 648 600 707 tum
624 644 760 724 quinque
786 645 860 707 romi
888 647 926 710 de
953 645 1074 726 exiguis
1095 646 1243 712 libellulis

219 744 268 822 agi
294 741 451 823 docent²);
478 750 643 823 practerea
662 751 800 811 extrema
823 748 930 813 verba:
960 771 997 809 aa
1024 761 1057 811 ro
1079 770 1243 811 numeram

219 845 313 906 almis
324 867 523 929 enpaoeccac,
537 868 601 913 rem
614 850 742 914 minoris
752 850 868 915 laboris
880 870 949 917 esse
961 850 1137 932 significant
1149 871 1241 933 quarn

220 948 327 1026 quanti
350 967 406 1028 pro
431 949 550 1031 ingenti
572 951 624 1015 illo
648 969 776 1017 numero
794 971 861 1018 esse
877 953 1030 1018 videatur.
1069 955 1156 1032 Quae
1171 973 1241 1019 cum

219 1050 263 1113 ita
286 1051 356 1128 sint,
382 1052 457 1115 nibil
482 1053 513 1115 in
529 1053 640 1118 uerbis
663 1053 723 1118 iliis
747 1056 929 1121 mutandum
954 1061 1011 1120 est.
1046 1056 1241 1138 Quamquam
1314 1127 1315 1130 Ἴ

219 1151 361 1216 Neberus
384 1160 420 1217 ut
442 1154 501 1219 sibi
518 1159 684 1233 constaret,
710 1174 838 1221 exarare
864 1158 1012 1221 debebat:
1037 1155 1110 1240 feci
1126 1170 1146 1220 r.
1158 1181 1194 1242 p.
1211 1155 1240 1221 l.

219 1251 249 1315 cl.
274 1276 321 1318 ea.
346 1277 383 1317 ea
407 1256 427 1318 l.
451 1278 475 1319 a.
493 1256 514 1319 i.
538 1281 565 1340 q.
584 1268 615 1335 t,
644 1254 702 1318 secl
723 1279 793 1319 coar
817 1259 899 1343 leaeo
922 1256 1139 1343 ,mammeas
1164 1259 1247 1321 inibi

219 1369 287 1420 cerr.
337 1357 519 1423 Simiilimus
548 1360 634 1424 loeus
664 1365 713 1423 est
741 1360 779 1422 ad
812 1360 907 1425 blare.
940 1360 1105 1425 Caesarem
1136 1361 1171 1425 V.
1200 1362 1243 1425 44

219 1461 287 1542 (59)
308 1480 378 1541 pag.
397 1462 447 1535 90,
472 1464 506 1524 l:
531 1463 709 1526 Victorinus
731 1468 838 1527 noster
860 1470 941 1544 aget,
965 1483 1004 1528 ne
1027 1483 1076 1528 me
1099 1469 1242 1529 acturum

218 1570 319 1643 putes,
343 1565 362 1627 i.
388 1584 413 1629 e.
438 1565 469 1627 id
492 1565 575 1644 quod
599 1583 816 1642 commestore,
841 1585 880 1630 ne
902 1585 951 1630 me
974 1572 1116 1631 acturum
1141 1567 1240 1646 putes.

217 1665 324 1727 Finem
353 1664 448 1730 faciat
475 1667 562 1733 locus
590 1665 636 1728 acl
661 1667 809 1729 Marcam
841 1665 1007 1730 Caesarem
1036 1667 1097 1730 IV.
1122 1669 1142 1729 3
1164 1689 1241 1751 pay.

218 1769 270 1844 64,
293 1769 350 1830 10:
374 1767 530 1851 Equidem
553 1781 581 1830 tc
597 1769 814 1843 animaduerti,
838 1792 928 1852 quom
946 1768 1030 1831 mllrc’
1048 1770 1171 1854 sarepta
1187 1780 1243 1830 raa

217 1869 384 1954 releyerce,
420 1869 522 1954 adque
557 1894 611 1955 eqo
639 1869 676 1932 de
707 1871 798 1934 verbo
829 1871 984 1957 syllohom
1010 1872 1241 1957 perimatarem,

219 1987 247 2035 re
275 1971 312 2034 iol
337 1974 498 2059 nealeaere
525 1997 579 2037 aea
607 1974 739 2038 maltam
765 1973 890 2058 referre
922 1976 1089 2039 arbitrari.
1140 1975 1244 2054 Quid?

218 2075 413 2159 syllabamne
442 2084 536 2159 ‚,per“
565 2092 721 2142 mutarem
756 2101 795 2144 an
829 2079 985 2165 syllabam
1006 2079 1245 2164 permutarem?
1299 2126 1301 2128 -

220 2179 396 2259 Utrumque
420 2180 516 2246 habet
537 2201 598 2264 quo
622 2201 656 2248 se
677 2187 813 2248 tueatur.
859 2241 864 2252 .

320 2280 377 2343 Aa
397 2281 545 2346 Marcam
570 2282 739 2347 Caesarem
755 2285 783 2348 I.
807 2289 921 2370 5paq·
949 2287 986 2348 12
1010 2297 1087 2349 eaetr.
1125 2286 1242 2351 Fronto

218 2385 368 2467 plagam)
393 2386 452 2451 sibi
475 2389 616 2452 aMareo
639 2380 789 2456 inflictam
814 2408 883 2454 esse
905 2409 961 2470 per
982 2387 1150 2452 blanditias
1172 2407 1248 2456 con·¹

218 2488 370 2580 queritur.
412 2489 490 2554 Cum
520 2491 600 2555 eninr
624 2492 740 2555 Fronto
772 2493 801 2555 in
833 2503 940 2556 somno
962 2490 1117 2556 laudando
1141 2491 1242 2571 ipsum

220 2715 425 2722 ...η-*ὴ-

290 2764 308 2829 ¹)
327 2765 359 2816 ci.
378 2763 425 2815 Ed.
443 2764 524 2814 Munlr
548 2764 579 2814 de
603 2763 652 2816 fab.
672 2762 798 2814 Atellanis
817 2781 843 2829 p.
857 2763 899 2824 51,
924 2765 967 2830 qui
990 2771 1074 2815 temen
1101 2761 1168 2813 male
1185 2778 1241 2812 eum

218 2850 368 2900 Heindorlio
388 2848 520 2900 Nouia-rrae
540 2848 709 2899 Atellaniolae
731 2849 809 2900 eiecto
829 2857 852 2900 el
870 2850 1005 2917 legendum
1031 2856 1116 2916 putat3
1141 2847 1241 2899 Marcus

217 2937 284 2988 euim
307 2935 434 2986 Novianos
452 2934 561 2985 etaliaa
580 2935 745 2986 Atellaniolae
764 2935 833 2997 dicit,
854 2935 886 2986 de
899 2953 948 3001 quo
962 2933 1167 3002 generedicendi
1182 2935 1242 2984 satis

218 3031 258 3074 eat
275 3023 405 3087 relegasse
425 3020 457 3070 ad
475 3020 509 3070 M.
523 3021 617 3086 Haupt.
637 3021 669 3071 ad
688 3020 762 3071 Ouid.
780 3020 841 3071 Mer.
859 3020 891 3071 11.
915 3022 969 3074 109.

286 3107 307 3172 ²)
326 3106 357 3158 cf.
376 3105 528 3172 Marquardt
547 3105 683 3171 Antiquitt.
700 3105 808 3156 Roman.
829 3105 859 3156 V.
880 3105 904 3165 2,
923 3104 1022 3170 aare.

290 3202 308 3266 ¹)
329 3202 401 3267 [Non
419 3208 469 3250 tam
489 3200 520 3250 de
540 3199 620 3267 playa
638 3198 750 3263 inflicta,
778 3199 800 3249 si
824 3198 886 3266 quid
903 3199 991 3259 video,
1017 3198 1100 3265 agitur
1117 3213 1192 3264 qnam
1211 3197 1243 3248 de

215 3287 271 3352 pila
289 3286 415 3337 malitiosa
433 3284 505 3336 dala.
542 3285 605 3336 Cum
625 3286 692 3336 enim
716 3303 761 3351 pro
780 3302 810 3336 eo
830 3284 898 3350 quod
918 3285 985 3350 apud
1004 3283 1134 3334 Naberum
1152 3283 1243 3349 legitur

219 3373 286 3424 Ecce
303 3380 386 3424 aulem
405 3371 474 3421 circa
494 3368 611 3420 Eumiam
631 3370 711 3420 aliam
734 3368 882 3417 malitiosam
902 3366 1029 3417 PILAM
1051 3367 1145 3418 dedr'ati
1165 3368 1242 3418 codex

217 3459 334 3559 PIELAM
359 3507 477 3574 praebeat
501 3533 535 3544 —
558 3507 638 3572 prima
661 3506 744 3556 littera
768 3505 851 3557 eutP
875 3513 919 3557 aut
944 3505 964 3554 Τ
991 3513 1034 3556 aut
1055 3505 1090 3566 F,
1113 3505 1186 3556 tertia
1209 3505 1242 3555 ab

218 3594 285 3646 exitu
304 3594 386 3644 littera
402 3601 447 3644 aut
467 3591 551 3641 'l'aut
568 3591 589 3641 L
606 3591 668 3656 fuit;
694 3592 705 3640 1
723 3591 835 3642 litterula
852 3609 929 3658 supra
953 3592 1048 3642 lineam
1068 3609 1118 3663 uon
1138 3608 1241 3656 protana

217 3689 285 3731 certa
302 3688 340 3730 est
361 3709 382 3718 -
409 3680 440 3730 de
459 3678 570 3730 1²1th
588 3678 696 3729 lectione
714 3678 755 3728 vix
773 3679 941 3730 dubitandum
958 3685 1002 3728 est.
1031 3676 1168 3728 Praeterea
1185 3693 1242 3728 eum

219 3774 275 3831 post
297 3765 368 3817 circa
390 3774 512 3816 corrector
531 3767 561 3828 Q·
585 3781 662 3831 supra
679 3765 773 3816 lineam
792 3764 930 3826 addiderit,
958 3763 1025 3829 quod
1050 3771 1094 3814 aut
1113 3763 1181 3825 Qua
1198 3771 1243 3813 aut

219 3851 373 3913 QUINTUS,
387 3851 546 3913 QUINrUM
558 3859 606 3904 ete.
620 3851 759 3918 significet,
771 3849 842 3900 airon
856 3847 885 3906 Q.
901 3848 929 3916 (i.
941 3865 963 3902 e.
978 3847 1111 3914 Quintam)
1124 3846 1243 3898 Enniam

219 3936 379 3987 scribendum
398 3953 453 3988 esse
473 3945 587 4004 apparet.
624 3936 733 4002 STUD.]
