2954 4980
314 1166 390 1270 M.
417 1202 542 1268 Corneli
560 1200 730 1268 Frontonis
760 1200 913 1283 epistulae
943 1202 982 1267 ab
1012 1200 1131 1284 Angelo
1154 1199 1238 1266 Maio

220 1308 293 1385 post
319 1309 367 1368 tot
395 1303 592 1371 saeculorum
622 1304 808 1369 oblivionem
834 1324 872 1370 ex
894 1305 1030 1370 tenebris
1058 1309 1168 1370 erutae
1189 1304 1241 1368 vix

158 1473 161 1480 ,
223 1407 284 1471 diei
305 1410 583 1488 potestquantam
606 1407 765 1471 hominum
782 1407 945 1471 doctorum
963 1407 1099 1487 primum
1114 1406 1241 1472 curiosi-

221 1512 319 1573 tatem
342 1513 409 1572 tum
431 1508 592 1574 fastidium
615 1510 777 1574 moverint.
802 1508 901 1586 Quem
923 1509 1006 1573 enim
1030 1527 1106 1574 suae
1128 1510 1241 1575 aetatis

221 1610 380 1675 hominum
404 1611 548 1690 plausum
564 1616 596 1677 et
613 1610 852 1675 admirationem
873 1610 1022 1676 habuisse
1045 1616 1077 1677 et
1099 1612 1149 1676 vel
1171 1611 1242 1692 plus

222 1716 346 1776 centum
370 1712 459 1775 annis
487 1718 559 1792 post
573 1712 736 1774 Romanae
759 1710 953 1794 eloquentiae
975 1733 1036 1774 aon
1059 1710 1241 1791 secundam,

222 1810 280 1874 sed
292 1811 433 1875 atteram
443 1810 537 1876 deone
546 1814 570 1897 1)
594 1815 695 1879 visum
719 1831 788 1878 esse
810 1819 970 1894 noverant,
993 1814 1033 1878 sd
1056 1815 1124 1880 eius
1146 1815 1244 1879 libros

221 1915 283 1979 iam
306 1914 428 1978 aditum
451 1921 560 1997 patere
582 1922 618 1981 ut
640 1916 744 1997 cupidi
767 1933 843 1980 sane
865 1919 899 1980 et
919 1916 1032 1980 attenti
1048 1915 1244 1995 audiverant,

222 2016 268 2079 ita
290 2016 442 2096 perlectis
465 2018 581 2083 eisdem
604 2017 691 2084 libris
721 2018 834 2081 mirum
860 2020 1012 2098 quantum
1040 2036 1095 2098 spe
1123 2016 1245 2097 decepti

223 2123 306 2182 sunt.
352 2118 439 2196 Inde,
468 2124 555 2200 puto,
584 2117 702 2183 factum
725 2124 782 2198 est,
810 2123 931 2183 utnon
953 2119 1072 2198 eadem,
1095 2119 1246 2199 quatere

222 2220 304 2284 solet
318 2217 397 2299 fieri,
416 2219 580 2286 alacritate
598 2221 680 2286 docti
696 2222 836 2286 homines
852 2221 884 2284 in
900 2220 959 2286 hoc
974 2222 1100 2302 quidem
1116 2239 1246 2302 corpore

223 2322 366 2404 quamvis
399 2323 573 2402 aegerrimo
603 2324 733 2403 opisque
758 2323 897 2388 medicae
920 2322 1247 2405 indigentissimocu-

222 2425 321 2488 rando
341 2425 481 2489 sanando
497 2424 623 2505 ingenia
639 2427 844 2492 exercuerint.
879 2425 1051 2505 Postquam
1067 2427 1148 2491 enim
1164 2444 1246 2491 anno

224 2526 306 2589 1815
341 2525 493 2607 quidquid
527 2527 730 2606 reliquiarum
759 2529 1043 2594 Frontonianorum
1078 2529 1109 2593 in
1138 2530 1247 2609 palim-

227 2629 341 2709 psestis
366 2629 595 2710 Ambrosianis,
626 2630 700 2694 olim
725 2630 932 2696 Bobiensibus
954 2630 1105 2711 latuerat,
1131 2631 1248 2712 publici

223 2732 299 2795 iuris
323 2731 362 2795 ab
386 2733 505 2812 Angelo
523 2732 607 2798 Maio
629 2732 747 2799 factum
770 2739 828 2813 est,
850 2733 985 2815 primum
1007 2733 1133 2814 quidem
1156 2733 1248 2799 Eich-

224 2833 345 2898 stadius
357 2834 496 2898 lenensis
509 2833 534 2916 ²)
550 2853 665 2899 novum
680 2836 843 2901 inventum
857 2835 1042 2918 aequalibus
1055 2837 1154 2918 magis
1167 2854 1248 2901 eom·
1343 2842 1346 2847 ’

294 3040 313 3105 ¹)
332 3039 417 3090 Verba
435 3045 493 3089 sunt
510 3038 619 3089 Eumeni
636 3040 664 3089 in
682 3026 843 3106 Panegyrico⁴
854 3039 1006 3091 Constantio
1024 3038 1128 3090 Caesari
1145 3045 1247 3108 recepta

225 3125 355 3176 Britannia
379 3125 445 3176 dicto
470 3141 523 3190 cap.
541 3124 611 3174 XIV.
657 3123 831 3190 Quamquam,
859 3141 910 3191 qua
936 3132 995 3175 sunt
1021 3124 1061 3175 illi
1087 3125 1199 3177 rhetores
1221 3126 1248 3176 in

225 3211 330 3260 dicendo
359 3218 383 3260 et
412 3209 547 3260 laudando
567 3210 759 3271 incontinentia,
787 3209 878 3260 Aureli
902 3211 1018 3282 (laesapis
1043 3210 1123 3262 verba
1150 3211 1248 3276 (Front.

225 3298 298 3361 epist.
311 3295 343 3346 Π.
359 3296 375 3349 3
393 3313 452 3362 pag.
468 3297 501 3350 28
519 3312 592 3346 versu
611 3295 698 3353 ultimo
719 3295 760 3346 ed.
774 3294 863 3358 Nat),
882 3292 972 3360 quibus
991 3296 1111 3346 Frontoni
1129 3297 1248 3362 magistro

225 3381 356 3435 valedicit:
377 3380 440 3442 sale,
459 3380 539 3430 decas
556 3379 713 3443 eloquentiae
731 3377 864 3430 Romarm
882 3394 1047 3446 exaggerasse
1064 3381 1169 3435 ridetur.
1201 3381 1249 3432 Oui

226 3466 353 3532 epistulae
380 3482 425 3516 aur
449 3465 604 3516 Frontonem
628 3483 672 3530 ea,
700 3482 767 3531 quae
791 3473 830 3516 est
852 3464 920 3518 stt
948 3482 1007 3533 pag.
1029 3467 1062 3520 32
1086 3467 1250 3532 respondisse

226 3562 322 3618 putem,
346 3568 438 3603 caussa
461 3551 487 3601 in
511 3553 630 3613 extremis
656 3552 710 3602 eius
735 3551 859 3618 epistulae
883 3553 966 3603 verbis
989 3559 1039 3602 est:
1061 3551 1123 3615 nale,
1145 3550 1249 3618 Caesar,
1290 3601 1292 3605 .

227 3636 302 3687 decas
316 3637 421 3702 patriae
439 3645 462 3688 et
480 3635 592 3688 Romani
609 3635 727 3687 nominis.
765 3635 836 3688 Solet
860 3637 927 3687 enim
951 3637 1016 3689 ulter
1035 3637 1141 3689 alterius
1160 3638 1249 3690 laudes

232 3726 345 3789 quamvis
364 3724 454 3774 nimias
473 3725 579 3775 reddere
597 3733 623 3776 et
641 3724 770 3775 reddendo
790 3741 915 3790 superare.

297 3806 317 3874 ²)
336 3808 447 3859 Cornelii
458 3808 593 3861 Frontonis
612 3827 716 3878 operum
729 3826 811 3878 nuper
823 3812 850 3862 in
862 3810 945 3863 lucem
961 3817 1145 3879 protractatum
1161 3811 1250 3865 notitia

229 3905 255 3948 et
273 3897 406 3964 specimen.
443 3896 520 3948 ienae
540 3894 614 3952 1816.

1046 3988 1061 4041 1
