2954 4980
646 289 848 387 Αἵ)...

231 473 364 552 legenda
388 474 570 556 committat,
597 479 777 559 respondet.
815 481 860 543 De
883 479 986 559 priore
1011 478 1166 543 sententia
1182 478 1258 543 nihil

235 582 360 652 praeter
383 584 556 644 extremum
579 583 764 646 vocabulum
787 582 938 666 mapistar
960 586 1112 662 superest.

334 704 374 765 In
398 705 506 768 eadem
529 709 669 792 epistula
696 733 772 796 pay.
798 712 883 789 lbra
909 712 1026 777 Fronto
1055 711 1087 774 in
1117 711 1258 776 oratione

233 808 353 887 aliqua,
389 811 477 874 cuius
505 818 626 893 partem
651 815 778 879 Marcus
809 815 839 878 in
870 815 928 880 hac
950 815 1019 896 ipsa
1043 811 1178 895 epistula
1200 831 1258 877 sua

236 929 330 975 manu
354 912 532 996 descripsit,
564 917 602 981 de
625 936 736 982 caussa
758 919 893 997 quadam
915 918 1054 997 loquitur
1076 919 1189 981 iterata
1211 915 1257 979 di-

232 1015 347 1081 latione
370 1024 519 1083 extracta.
565 1021 600 1083 In
625 1039 687 1101 qua
711 1023 851 1086 evenisse
874 1021 965 1099 dicit,
990 1025 1025 1084 ut
1047 1020 1255 1096 adversarius

233 1121 285 1201 qui
308 1120 348 1184 ad
372 1121 454 1186 diem
476 1140 538 1186 non
561 1122 721 1202 adfuisset,
747 1124 835 1187 vanis
858 1122 1114 1188 excusationibus
1136 1120 1269 1185 iudices-

232 1222 369 1301 salleret‚
400 1243 481 1305 quae
510 1226 617 1306 quales
646 1225 782 1305 fuerint,
812 1224 1023 1301 altercationis
1052 1222 1152 1287 forma
1180 1241 1255 1286 usus

176 1356 177 1360 ¹
232 1328 366 1408 exponit,
389 1328 482 1407 idque
504 1329 564 1406 ita,
582 1333 617 1392 ut
640 1329 757 1393 Fronto
780 1329 846 1407 ipse
868 1326 1165 1406 interrogationibus
1188 1330 1257 1389 uta-

231 1434 299 1507 tur,
328 1431 499 1494 adversarii
529 1436 714 1512 procurator
743 1431 945 1512 respondeat:
980 1429 1035 1491 abi
1067 1440 1112 1490 est
1145 1426 1255 1491 adoar-

231 1532 355 1603 sare'us‚
388 1533 446 1616 qai
473 1531 683 1616 iampridem
707 1531 928 1618 adoperandum
952 1530 1062 1594 adessa
1086 1529 1257 1592 debuerat?

231 1634 272 1695 In
294 1634 403 1696 itincre
433 1648 487 1697 est.
535 1634 603 1712 Quo
628 1634 753 1698 tandem
775 1637 807 1696 c'n
828 1634 958 1698 trinorc?
986 1631 1039 1697 Ea
1061 1634 1140 1696 Asia
1162 1633 1254 1696 venit.

231 1735 276 1797 Et
299 1749 345 1798 esc
367 1735 470 1799 adbuc
492 1739 523 1800 in
546 1737 649 1802 Asia?
671 1739 826 1823 Maqnam
847 1738 907 1798 iter
930 1749 959 1799 θῖ
973 1735 1168 1821 festinatum
1189 1735 1209 1799 i.
1227 1754 1252 1800 e.

232 1857 379 1920 magnum
412 1841 473 1904 iter
505 1847 569 1920 est,
604 1841 727 1905 etiamsi
760 1840 933 1905 festinetur.
994 1828 1253 1919 Interrogationis

232 1943 354 2020 signum
377 1943 467 2022 posui
489 1947 561 2024 post
583 1941 681 2021 Asia,
711 1943 743 2007 id
766 1944 849 2022 quod
871 1944 1016 2007 instituta
1038 1940 1252 2005 altercationis

232 2043 330 2108 forma
359 2045 467 2126 poscit.
513 2044 594 2129 Pop.
621 2047 670 2125 16,
694 2047 714 2107 3
743 2046 826 2126 quod
855 2044 1108 2125 interrogationis
1131 2043 1253 2123 signum

232 2153 304 2225 post
326 2166 432 2212 uocem
456 2144 639 2230 dilapidare
661 2152 776 2228 puncto
799 2149 882 2228 apud
901 2147 1060 2211 Naberum
1077 2146 1180 2227 cessit,
1203 2146 1254 2209 vix
1351 2138 1352 2141 ’

232 2249 360 2315 dubium
383 2252 458 2330 quin
481 2252 662 2332 typothetae
683 2252 843 2316 debeatur.

333 2382 380 2444 De
403 2382 542 2448 eiusdem
557 2383 711 2464 epistulae
726 2381 787 2448 fine
800 2406 875 2468 pap.
894 2385 941 2460 17,
958 2385 993 2445 2:
1017 2379 1104 2443 Sciat
1120 2377 1253 2455 familia

230 2481 494 2567 quemadmodum
515 2485 636 2571 lapcat:
660 2486 756 2548 aliter
768 2486 898 2571 planpit
915 2506 1023 2546 servas
1038 2481 1252 2544 manumissus

229 2636 324 2700 aliter
347 2637 444 2701 cliens
461 2602 677 2704 laudabamus
701 2642 758 2723 (sic
774 2639 882 2723 codex)
907 2639 999 2703 aliter
1023 2638 1143 2726 amabas
1170 2639 1253 2722 lepat

228 2739 398 2804 honoratas
421 2743 562 2822 quamvis
587 2744 703 2824 optime
720 2743 872 2808 meruerit
887 2740 1047 2806 Vahlenus
1067 2741 1136 2824 (Gn.
1152 2739 1252 2805 Naevi

228 2844 266 2908 de
279 2844 360 2908 bello
373 2845 488 2910 Punico
505 2847 654 2928 reliquiae
667 2865 737 2927 pag.
753 2846 796 2927 Ἰ),
814 2849 980 2910 esttamen
992 2844 1045 2908 ubi
1058 2843 1160 2906 minus
1173 2843 1252 2906 bene

227 2965 292 3009 rem
316 2947 450 3028 gessisse
472 2949 626 3025 videatur,
649 2952 686 3011 ut
712 2948 855 3012 Naberus
878 2951 964 3010 recto
986 2945 1100 3009 iudicio
1123 2945 1161 3008 de
1184 2944 1251 3008 eius

226 3050 480 3129 temptaminibns
521 3050 715 3116 existimasse
756 3049 905 3114 dicendus
943 3048 991 3111 sit.
1049 3047 1153 3127 Atque
1189 3045 1265 3128 pri-¹

226 3170 310 3214 mum
333 3151 457 3233 quidem
480 3172 555 3218 voce
579 3150 752 3232 dominum,
784 3170 876 3233 quam
898 3155 969 3232 post
992 3144 1251 3234 quemadmodum

225 3255 371 3318 omissam
394 3273 463 3319 esse
486 3257 607 3334 statuit,
630 3255 720 3321 facile
736 3272 844 3319 carere
863 3253 996 3334 poteris;
1019 3257 1085 3316 tum
1101 3251 1177 3316 nibil
1193 3256 1250 3329 est,

224 3357 308 3436 quod
330 3357 560 3420 marraoa'ssom
583 3375 708 3422 servum
731 3361 918 3421 testamento
942 3355 1165 3418 manumissum
1182 3372 1251 3418 esse

223 3464 355 3523 statuas.
373 3459 462 3524 Unde
476 3461 557 3524 enim
567 3460 720 3541 probatur
737 3458 795 3524 hoc
806 3458 995 3522 Frontonem
1007 3457 1120 3532 dicere,
1132 3456 1251 3536 „direr-

223 3580 292 3625 snm
313 3581 381 3626 esse
409 3563 569 3627 hominum
589 3563 709 3627 luctum
730 3582 787 3644 pro
812 3561 994 3627 diversitate
1021 3559 1250 3626 hereditatis“?

222 3665 270 3727 Ex
292 3664 367 3744 ipsis
390 3665 532 3745 quidem,
556 3682 637 3744 quae
659 3665 717 3730 hoc
740 3666 806 3730 loco
830 3670 1019 3746 supersunt,
1047 3663 1158 3729 laceris
1180 3663 1249 3727 reli-

222 3766 302 3846 quiis
329 3766 549 3831 Frontonianis
577 3767 655 3831 illud
678 3786 739 3831 non
764 3766 906 3833 efficitur.
952 3765 1063 3847 Itaque
1087 3784 1127 3830 ne
1150 3765 1249 3830 altera

222 3867 346 3948 quidem
378 3867 512 3933 Vahleni
543 3870 717 3935 emendatio
753 3868 849 3933 oliano
872 3865 1048 3952 adoptatas
1069 3868 1166 3932 habet
1187 3886 1248 3949 quo

220 3989 254 4034 se
285 3974 421 4035 tueatur.
467 3971 591 4055 Optime
622 3975 729 4037 autem
752 3971 930 4037 restituisse
953 3970 1176 4039 existimandus
1200 3975 1248 4036 θεῖ
