2954 4980
718 303 759 369 20

635 396 834 408 ’.ῳ-

222 499 333 563 utitur.
380 497 475 562 Velut
498 514 568 560 oum
592 516 663 578 pag.
684 497 732 573 12,
756 497 775 558 7
800 493 998 560 exaraverit:
1023 492 1257 572 elegantissime

149 624 152 630 ·
222 599 475 682 „praevaricari“
497 603 529 663 te
546 599 600 678 aie,
619 618 690 679 pag.
708 598 759 677 36,
778 598 831 661 14;
855 596 914 660 hoc
930 595 1024 660 etiam
1040 595 1142 676 ipsum
1160 607 1258 679 atque

222 703 305 767 unde
320 701 435 783 putas?
451 701 574 782 legitur.
599 700 910 765 Eandemrationem
925 702 1051 762 secutus
1067 703 1115 761 est
1127 717 1198 780 pag.
1214 699 1258 761 64

222 803 550 886 compluribuslocts.
604 801 722 866 Contra
750 821 788 867 ea
817 820 887 884 pag.
910 802 961 879 41,
985 799 1004 863 3
1034 800 1195 863 carmulam
1224 808 1259 866 et

222 926 292 989 pag.
316 905 358 970 50
380 909 430 970 ter
455 906 623 986 repetitum
641 905 827 970 vocabulum
843 901 967 983 cotidie,
992 923 1062 968 cum
1077 905 1108 967 in
1125 923 1158 968 se
1176 904 1256 985 ipsis

222 1011 324 1090 posita
346 1009 426 1088 siut,
458 1009 576 1073 eisdem
606 1010 722 1090 quibus
745 1007 866 1087 reliqua
888 1007 985 1071 verba
1009 1025 1157 1088 expressa
1181 1012 1258 1072 sunt

220 1094 398 1176 litterarum
429 1110 540 1175 formis
554 1117 733 1176 exarantur.
757 1110 844 1175 Idem
867 1109 983 1175 facturn
1000 1116 1048 1174 est
1062 1130 1133 1192 pag.
1147 1110 1196 1188 60,
1213 1109 1256 1172 23

222 1205 254 1276 in
277 1213 428 1278 vocabulo
453 1213 565 1275 marica
582 1218 613 1277 et
628 1231 698 1295 pag.
718 1213 788 1287 136,
804 1212 823 1272 7
846 1213 877 1276 in
894 1231 968 1277 voce
984 1210 1127 1274 salacem.
1162 1212 1256 1277 Mitto

222 1315 351 1397 reliqua,
375 1334 454 1396 quae
473 1317 636 1381 innumera
652 1321 741 1395 sunt;
766 1315 828 1379 tria
844 1315 967 1393 addam,
992 1316 1075 1380 unde
1091 1315 1253 1396 adpareat,

222 1423 374 1498 quantum
404 1438 441 1482 ex
470 1419 523 1483 illa
552 1419 762 1484 inconstantia
792 1418 973 1482 detrimenti
996 1418 1114 1483 Fronto
1146 1419 1212 1498 ipse
1237 1437 1257 1482 a

221 1516 352 1584 NuberO
376 1518 479 1605 edituus
502 1521 630 1602 ceperit.
675 1516 733 1581 Ad
753 1519 798 1582 M.
826 1516 995 1582 Caesarem
1018 1519 1089 1582 III.
1117 1521 1155 1583 16
1174 1541 1255 1603 pap.

223 1626 274 1701 55,
297 1624 317 1686 6
347 1640 417 1687 cum
446 1622 507 1686 iarn
540 1621 704 1705 epistulam
734 1621 900 1701 linivisset,
929 1622 1050 1687 Fronto
1073 1639 1139 1686 rem
1162 1625 1258 1686 antea

222 1724 398 1804 neglectam
426 1723 475 1788 his
500 1725 602 1790 verbis
625 1726 726 1790 addit:
752 1747 843 1808 quom
858 1723 1035 1787 Persarum
1051 1721 1257 1806 dlaccprlc'rtam

222 1827 405 1889 memoraris
432 1826 514 1909 (cod.
539 1828 759 1911 memorares),
791 1827 864 1890 berre
886 1826 1064 1907 „battuut“
1094 1825 1154 1888 acle.
1205 1826 1258 1890 ua

223 1925 306 1993 enim
331 1928 528 1995 scribendum
552 1935 616 2007 est,
646 1934 683 1993 ut
704 1930 821 1995 Fronto
845 1930 993 1994 batuendi
1016 1929 1164 2007 verbum,
1192 1946 1256 2009 quo

222 2029 350 2095 Marcus
372 2031 404 2093 in
430 2030 635 2122 describenda
650 2032 699 2096 rel
718 2031 990 2097 commemoranda
1006 2032 1174 2097 Persarum
1190 2032 1257 2095 dis·

224 2131 338 2212 ,ciplina
350 2130 374 2213 ¹)
406 2149 483 2197 usus
510 2133 566 2212 sit,
601 2134 660 2198 sibi
691 2134 759 2217 (est
789 2135 871 2198 enim
901 2135 1038 2198 anticum
1067 2139 1115 2213 et,
1151 2132 1256 2215 qualia

98 2258 99 2262 ¹
222 2231 340 2296 Fronto
365 2238 466 2307 amat,
495 2253 532 2298 ex
561 2234 708 2300 obsoletis
731 2234 923 2317 quaesitum)
954 2236 1082 2316 probari
1105 2235 1254 2300 fateatur.

223 2334 367 2416 Rudibus
400 2336 481 2400 enim
506 2336 731 2402 exercebantur
748 2338 921 2402 Persarum
943 2339 1049 2419 pueri,
1075 2356 1156 2419 quae
1179 2344 1255 2403 suut

225 2436 355 2520 papavera
366 2435 422 2520 ¹illa
437 2437 516 2500 ὅπλα
531 2439 614 2520 apud
626 2438 864 2521 Xenophontem
880 2437 966 2521 (Cyri
983 2439 1102 2521 discipl.
1118 2441 1146 2520 1,
1164 2440 1193 2520 2,
1208 2440 1253 2522 4).
1321 2496 1324 2502 .

223 2539 261 2603 ln
292 2540 399 2605 codice
429 2539 555 2602 balaum
586 2541 647 2622 legi
676 2541 781 2605 neseio
812 2560 851 2605 an
882 2559 1048 2623 perperam
1077 2541 1253 2607 adfirmant.

163 2704 165 2706 ,
222 2642 311 2706 Alter
330 2642 416 2707 loeus
432 2647 481 2707 est
495 2639 542 2705 ud
557 2641 707 2705 Marcum
725 2640 893 2705 Caesarem
908 2643 958 2705 ΙΙ.
979 2646 1020 2707 10
1030 2667 1109 2730 pop.
1126 2647 1178 2723 34,
1197 2649 1252 2710 14:

223 2743 416 2806 Facetameu
432 2767 494 2828 per
509 2743 567 2808 loe
592 2743 660 2807 da‘es
684 2758 831 2828 eucerpta
854 2767 892 2808 ea
916 2744 1005 2809 l‘bria
1029 2747 1199 2833 ceroptata
1221 2749 1254 2810 c'u

222 2846 356 2930 quinque
373 2847 477 2910 loma's:
496 2845 555 2909 sed
569 2869 638 2909 cum
655 2845 736 2931 lepos
752 2848 935 2932 recooperta:
961 2847 1040 2910 uuili
1056 2861 1129 2912 suut
1145 2861 1173 2913 et
1188 2848 1252 2914 No-

222 2949 335 3013 m‘auae
360 2961 389 3011 et
410 2948 624 3014 Atellaniolae
653 2961 681 3012 et
704 2947 868 3034 Scipionis
891 2951 1127 3015 oratiunculae:
1157 2975 1195 3016 ue
1218 2966 1253 3017 tu

222 3073 385 3115 numerum
406 3052 501 3114 almis
525 3062 727 3137 eupaoeecas.
775 3053 811 3118 In
840 3072 901 3134 quo
924 3053 992 3119 loco
1015 3053 1252 3135 interpretando

224 3160 256 3219 et
284 3154 477 3218 emendando
508 3174 607 3236 nuper
629 3157 807 3223 Eussnerus
830 3139 996 3237 errarit²lz
1025 3157 1070 3221 ita
1092 3156 1173 3222 enim
1197 3157 1253 3221 illa

223 3253 286 3320 dici
307 3254 469 3334 adfirmat,
500 3262 536 3321 ut
566 3256 785 3338 „intellegatur
807 3258 924 3336 omnia,
957 3277 1037 3339 quae
1067 3259 1108 3323 M.
1133 3257 1251 3324 Caesar

224 3358 423 3440 excerpserit,
444 3361 586 3438 quamvis
610 3379 647 3424 en
670 3365 717 3425 tot
741 3360 830 3424 libris
853 3366 987 3442 sumpta,
1011 3364 1119 3428 tamen
1140 3365 1251 3443 utpote

223 3479 260 3524 ex
284 3462 510 3540 antiquissimis
533 3453 631 3542 petita
654 3463 777 3542 scriptis
793 3462 833 3526 ab
848 3461 973 3527 homine
989 3462 1165 3546 antiquario
1183 3465 1250 3530 sine

222 3561 326 3629 taedio
348 3563 467 3645 perlegi
491 3566 615 3645 posse“,
638 3570 674 3629 ut
696 3568 768 3646 post
789 3585 861 3626 cam
877 3564 1108 3648 substantivum
1122 3564 1249 3649 aliquod

293 3803 313 3871 ¹)
331 3804 415 3866 Quam
430 3804 568 3856 orationem
580 3803 608 3855 in
622 3812 710 3856 senatu
727 3803 828 3856 habuit:
845 3806 875 3858 cl.
889 3804 921 3856 ad
932 3804 1011 3857 Maro.
1023 3804 1156 3857 (laeseram
1167 3803 1211 3858 lv.
1222 3807 1247 3868 3,

222 3907 280 3959 pag.
293 3891 334 3952 65,
351 3891 393 3952 20,
412 3891 466 3942 Mai
483 3892 566 3942 adnot.
580 3893 595 3946 9
615 3891 647 3941 ad
664 3891 739 3942 Maro.
753 3891 887 3942 Caesarem
900 3889 945 3943 111.
962 3893 991 3945 16
1010 3908 1067 3960 pag·
1082 3892 1115 3947 53
1127 3891 1167 3943 ed.
1180 3889 1245 3944 Nab.

289 3993 310 4064 ²)
328 3997 393 4047 Mus.
414 3996 515 4046 rltenan.
534 3993 620 4048 XXV.
639 3996 700 4051 544.
