2954 4980
709 284 751 346 24

111 477 114 485 '
225 472 327 559 teporo
360 473 540 537 honoratus.
595 475 642 538 Ex
672 458 775 536 verbis
808 471 1027 536 Frontonianis
1056 470 1132 534 nihil
1162 469 1254 534 {eliud¹

228 582 369 658 apparet,
392 577 453 640 nisi
475 581 616 640 mortuos
639 574 678 638 ab
701 575 808 637 amicis
832 573 1053 654 superstitibus
1075 591 1132 654 pro
1155 572 1248 637 modo

224 683 423 759 acceptorum
454 679 494 742 ab
521 678 582 742 illis
613 675 833 742 beneficiorum
864 677 923 741 coli
947 680 978 739 et
999 676 1110 756 lugeri.
1157 676 1249 740 Unde
1327 668 1330 674 ’

222 780 324 844 locum
346 779 390 844 sic
413 777 626 859 retingendum
650 796 718 843 esse
742 796 869 843 censeo:
893 775 983 839 Sciat
991 775 1130 858 familia
1145 798 1248 859 qoem-

222 879 392 946 admodum
428 879 542 965 lapeat.
594 879 701 942 Aliter
725 881 853 964 ploope't
883 901 992 940 servos
1026 879 1246 956 murrumissus,

222 984 314 1047 aliter
343 985 439 1047 cliens
462 980 654 1058 laodicenae,
682 981 777 1045 aliter
801 983 919 1068 amieos
943 980 1045 1065 {epoto
1068 979 1248 1046 honoratae.

221 1087 269 1151 De
290 1085 461 1151 laudicenis
484 1086 554 1150 vide
576 1085 655 1148 Plin.
679 1085 779 1164 Epist.
804 1085 844 1148 ΙΙ.
870 1085 918 1164 14,
942 1084 971 1148 5.

324 1188 421 1252 Paulo
444 1193 516 1268 post
534 1209 613 1272 pap.
639 1190 686 1263 17,
710 1190 730 1250 9
754 1187 879 1251 Marcus
902 1187 1018 1268 pergit:
1042 1185 1125 1248 Puto
1153 1197 1250 1249 totum

189 1320 192 1325 ·
223 1287 384 1375 descripsi.
431 1286 517 1365 Quid
537 1311 609 1374 erpo
637 1286 781 1369 facerent
811 1286 896 1371 quod
926 1301 1022 1351 totum
1046 1311 1082 1350 oe
1104 1289 1251 1352 mirer'om

224 1403 322 1455 totum
344 1413 485 1455 amorem
507 1390 661 1454 hominem
685 1390 804 1453 bonum.
843 1390 943 1455 Locus
966 1409 1027 1454 nou
1049 1410 1110 1455 uno
1126 1391 1251 1456 nornine

221 1495 352 1559 laborat.
400 1497 502 1576 Atque
525 1495 659 1576 prirnuru
683 1495 809 1572 quidern
832 1495 1002 1557 absurdum
1026 1499 1074 1558 est
1088 1493 1248 1577 facerent.

142 1680 143 1683 Ἴ
223 1599 316 1680 Apud
338 1598 437 1663 solum
461 1603 582 1680 patrem
607 1598 732 1682 Murcus
749 1597 962 1661 Frontoniana
985 1597 1038 1660 illa
1054 1599 1251 1676 recitaverat,

223 1705 260 1765 ut
282 1705 337 1765 aut
357 1700 534 1780 faceremus
563 1705 629 1764 aut·
645 1698 786 1780 facerem
815 1705 871 1763 aut
886 1697 1032 1782 faceret,
1064 1698 1147 1762 nihii
1161 1717 1250 1779 prae-

225 1809 321 1880 terea,
352 1804 490 1868 seribere
512 1806 628 1882 posset.
675 1803 812 1880 Quorum
836 1801 922 1880 illud,
955 1802 1038 1881 quod
1062 1800 1161 1866 altero
1182 1800 1251 1866 loco

224 1905 324 1987 posui,
348 1905 448 1969 solum
472 1922 578 1968 verurn
602 1922 679 1982 esse,
704 1909 735 1967 et
757 1905 930 1984 proxirnum
954 1901 1114 1986 desrrrpsr'
1133 1909 1164 1968 et
1179 1905 1253 1968 sub-

224 2024 357 2088 sequens
382 2027 523 2068 amarem
547 2005 667 2070 docent.
713 2006 847 2068 Miratur
871 2006 1013 2085 Merene,
1044 2006 1127 2087 quod
1150 2012 1251 2071 totum

223 2108 326 2173 locum
342 2109 587 2173 Frontonianum
612 2107 822 2187 descripserit.
864 2107 936 2170 Mox
960 2108 1049 2186 quasi
1073 2126 1161 2172 suam
1184 2108 1273 2191 ipse'

226 2217 432 2277 excusaturus
456 2213 664 2299 temeritatem
687 2215 720 2277 et
741 2211 887 2282 inutilem
909 2211 1064 2278 laborem:
1096 2212 1177 2297 quid
1197 2236 1250 2298 epo

218 2312 390 2399 facerem?
417 2314 528 2394 pergit.
579 2314 629 2378 Ia
657 2316 738 2379 enirn
769 2315 966 2379 scribendum
991 2334 1111 2381 censeo.
1157 2314 1251 2392 Quod

225 2419 306 2482 enirn
335 2419 366 2482 in
399 2407 503 2482 codiee
526 2423 574 2482 est
602 2439 674 2502 erqo
703 2417 796 2482 huius
825 2417 885 2481 loci
915 2437 974 2482 non
1004 2423 1068 2500 est,
1097 2419 1129 2481 in
1157 2418 1252 2481 inter-

225 2521 439 2601 rogationibus
483 2521 564 2584 enim
606 2520 659 2584 illa
702 2519 857 2600 particula
893 2521 938 2585 ita
980 2521 1060 2584 solet
1097 2520 1252 2601 usurpari,

226 2630 262 2687 ut
295 2624 327 2686 id
362 2625 445 2704 quod
485 2624 648 2704 quaeritur
677 2623 951 2714 exspraeeedente
979 2625 1133 2689 sententie
1163 2627 1252 2705 quusi

226 2725 367 2791 concludi
389 2745 480 2805 posse
509 2725 654 2806 fingatur.
702 2724 820 2807 (Handi
850 2724 984 2799 Tursell,
1015 2726 1056 2789 II.
1080 2724 1142 2790 453
1166 2744 1251 2806 seqq·

226 2829 316 2892 Kritz
340 2828 379 2892 ad
403 2827 477 2892 Sall.
501 2828 573 2909 Jug.
596 2827 680 2891 XIV.
705 2827 747 2908 9).
772 2825 949 2899 Persirniles
975 2833 1050 2891 sunt
1066 2827 1126 2893 loci
1142 2828 1252 2892 Horat.

131 3016 133 3021 Ι
226 2931 312 2995 satir.
331 2932 371 2995 ΙΙ.
398 2932 424 3004 1,
448 2931 489 2993 24
513 2931 566 2994 ubi
587 2930 738 2994 videndus
763 2936 811 2994 est
834 2931 1013 3010 TeuffeliuS,
1036 2932 1122 2996 Pers.
1149 2933 1176 3009 l,
1203 2932 1254 3009 12,

226 3034 392 3116 praecipue
421 3032 486 3098 Cic.
509 3033 549 3097 de
572 3033 621 3097 off.
647 3033 704 3096 ΙΙΙ.
731 3033 779 3107 14,
804 3034 859 3098 6οτ
895 3033 1089 3097 stomachari
1119 3032 1254 3114 Canius,·

226 3135 285 3198 sed
305 3133 385 3218 qaid
404 3133 549 3214 faceret?
580 3133 717 3199 nondam
741 3135 822 3197 enirn
847 3134 879 3200 C.
902 3136 1054 3220 Aquileiae
1070 3137 1255 3222 protulerat

162 3269 163 3273 =
228 3236 360 3301 dedolo
376 3239 456 3300 orato
472 3235 640 3314 formulas.
680 3238 877 3318 Atqueutin
894 3238 1035 3305 hocloco
1052 3241 1253 3306 Ciceroniano
1306 3319 1308 3323 ι

130 3339 131 3343 ’
227 3358 338 3404 caussa
361 3341 515 3419 sequitur,
548 3359 603 3404 eur
633 3337 729 3404 Canio
752 3341 783 3402 in
807 3359 840 3404 re
869 3343 1127 3421 acquiescendum
1151 3343 1254 3432 fuerit,

227 3444 271 3507 itu
293 3444 376 3523 apud
409 3444 549 3508 Marcum
578 3442 675 3507 fuisse
696 3447 791 3524 puto:
823 3465 914 3524 quom
945 3454 1059 3508 totum.
1074 3493 1080 3508 .
1095 3493 1101 3507 .
1116 3467 1255 3508 amarem

226 3543 377 3607 hominem
402 3543 522 3608 bonone.
568 3544 689 3625 Quippe
712 3543 876 3626 pueriliter
900 3545 982 3610 ludit
1004 3548 1105 3610 bonus
1129 3548 1255 3612 Marcus

229 3664 299 3711 eum
319 3665 352 3711 se
377 3657 472 3708 totum
487 3647 599 3710 librum
617 3647 819 3728 descripsisse
837 3648 922 3726 dicit,
947 3650 1029 3730 quod
1049 3661 1145 3712 rotam
1160 3653 1255 3732 serip-

192 3781 195 3784 -
228 3753 326 3812 torem
350 3753 479 3812 amaret.
515 3746 716 3826 Quamquam
741 3751 771 3813 in
796 3749 933 3814 ludendo
954 3751 1082 3814 nimium
1103 3757 1254 3832 quantum

229 3868 415 3930 progressus
438 3869 508 3916 esse
532 3851 665 3917 videtur.
700 3853 736 3917 Iu
760 3853 865 3918 codice
887 3855 967 3918 enirn
990 3873 1082 3934 porro
1104 3855 1166 3935 legi
1182 3856 1255 3921 dioi-

227 3963 280 4016 tur
304 3965 401 4014 turrim
424 3977 461 4015 aa
482 3955 626 4016 mr'ruiam
651 3967 757 4034 totam,
780 3956 811 4019 in
835 3956 948 4037 quibus
972 3957 1128 4022 vocabulis
1150 3959 1254 4039 ipsum
1330 4018 1334 4027 ,
1369 3972 1374 3980 ·
